3496 5248
718 555 930 616 „26-

235 757 316 804 ram
343 737 535 820 dederunt,
568 758 652 820 cum
675 737 733 805 vel
760 739 978 824 scriptorum
1005 738 1287 822 significationes
1310 759 1417 827 quas·
1461 779 1463 784 -

236 849 323 916 dam
352 850 391 916 in
422 869 529 916 suum
560 869 668 915 usum
694 851 876 917 verterent
897 850 957 917 vel
988 850 1200 918 coniciendo
1226 871 1285 918 res
1312 869 1418 918 voras

235 961 427 1029 enucleare
458 963 683 1029 conarentur.
733 960 810 1027 Alii
847 961 892 1028 de
929 963 1198 1028 commentariis
1230 961 1420 1029 Demarati

237 1072 333 1156 regis
360 1072 624 1156 cogitaverunt,
657 1071 721 1138 alii
752 1071 796 1139 de
819 1071 945 1139 tabula
966 1071 1044 1155 illa,
1077 1091 1188 1158 quam
1209 1071 1418 1139 Herodotus

236 1181 403 1268 Byzantii
432 1181 524 1249 vidit
553 1181 621 1264 (IV
643 1182 700 1264 87)
732 1182 791 1249 vel
823 1181 867 1248 de
898 1181 1123 1250 Mandroclis
1155 1183 1282 1251 tabula
1311 1184 1417 1269 picta.

237 1290 338 1372 Quae
354 1312 470 1380 neque
485 1291 601 1360 refelli
615 1296 767 1380 possunt
785 1313 901 1380 neque
918 1293 1190 1380 comprobanda
1206 1296 1289 1360 sunt
1312 1295 1419 1360 certis

237 1404 393 1472 indiciis.
435 1401 537 1484 Quae
556 1403 764 1472 Herodotus
780 1402 834 1470 IV
851 1408 890 1470 87
910 1406 1044 1486 narrat,
1068 1404 1115 1470 ad
1131 1407 1294 1471 nostram
1310 1425 1419 1491 quae-

239 1515 393 1582 stionem
414 1515 607 1601 pertinent,
635 1514 812 1601 quodibi
839 1514 1054 1601 explicatur,
1082 1514 1265 1601 quomodo
1289 1513 1421 1582 Gracci

239 1644 382 1712 quoque
404 1625 643 1692 traditionum
657 1623 889 1692 Persicarum
909 1626 1105 1712 participes
1127 1626 1207 1692 fieri
1228 1627 1419 1712 potuerint.

238 1735 341 1803 Duas
368 1736 466 1802 enirn
494 1736 637 1803 tabulas
659 1734 794 1802 Darius
823 1737 1001 1802 exstruxit
1037 1729 1181 1816 ἐνταμὼν
1211 1733 1244 1812 ἐς
1273 1733 1333 1816 μὲν
1364 1731 1421 1820 τῂν

236 1833 397 1929 Ἀσσύρια
413 1840 445 1922 ἐς
464 1842 500 1909 δὲ
515 1839 573 1930 τὴν
585 1835 756 1931 Ἑλληνικὰ
771 1839 957 1930 γράμματα.
984 1844 1089 1913 Tales
1104 1847 1248 1914 tabulas
1259 1846 1420 1914 Xerxem

239 1977 383 2045 quoque
405 1958 568 2044 posuisse
592 1977 636 2024 ex
659 1957 782 2044 eisque
804 1955 1031 2024 Herodotum
1060 1959 1293 2043 exscripsisse
1316 1957 1422 2025 facile

239 2061 495 2154 credipotest.
542 2066 850 2134 Vestimentorum
882 2067 1140 2154 descriptiones
1172 2088 1245 2135 non
1276 2089 1422 2135 necesse

239 2181 294 2245 est
316 2199 361 2246 ex
384 2179 655 2245 commentariis
678 2176 898 2266 quibusdam
921 2181 1084 2265 sumptas
1107 2198 1194 2261 esse,
1218 2199 1302 2246 cum
1325 2200 1423 2246 com-

241 2289 364 2375 plures
385 2287 532 2355 tabulae
554 2289 672 2374 pictae
694 2289 813 2376 qualis
837 2289 902 2355 illa
923 2287 1162 2356 Mandroclen
1183 2289 1424 2371 extiterint.³'2)

240 2398 434 2466 Praeterea
471 2398 761 2467 obliviscendum
797 2420 870 2466 non
907 2402 977 2483 est,
1015 2401 1090 2467 iam
1119 2398 1345 2468 Hecataeum
1381 2421 1423 2468 eo

241 2508 350 2575 modo
374 2510 587 2575 vestimenta
609 2509 851 2577 barbarorum
875 2509 1109 2596 descripsisse
1133 2510 1189 2591 (01.
1214 2511 1423 2594 01110126),

241 2620 303 2686 cui
323 2618 416 2686 nulli
437 2618 718 2686 Demaratorum
741 2621 992 2687 commentarii
1013 2624 1157 2706 praesto
1180 2621 1322 2689 tuerint.

325 2730 438 2798 Plane
460 2728 551 2797 mihi
578 2748 746 2815 perverse
775 2731 934 2814 cogitare
957 2728 1127 2797 videntur
1149 2733 1213 2816 qui
1234 2731 1420 2797 Herodoto

239 2862 325 2908 cum
348 2840 516 2908 Choerilo
545 2839 667 2909 Samio
700 2841 896 2925 quicquam
928 2859 1120 2907 commune
1152 2859 1229 2906 esse
1262 2840 1421 2907 credant.

240 2950 314 3018 Vix
330 2951 632 3038 operaepretium
649 2950 792 3016 videtur
812 2949 1061 3016 demonstrare
1077 2950 1283 3036 fragmenta
1296 2953 1423 3037 poetae

240 3063 287 3131 ab
317 3064 380 3131 illo
412 3063 520 3148 longe
552 3059 809 3144 abhorrere,³³)
844 3080 927 3127 cum
954 3061 1100 3129 omnino
1127 3062 1339 3130 incredibile
1367 3064 1422 3144 sit,

238 3173 482 3258 Herodotum,
515 3174 618 3240 cuius
645 3173 804 3240 maxime
831 3173 1020 3239 interesset
1042 3176 1125 3240 ante
1154 3173 1251 3240 dicta
1272 3194 1346 3241 non
1367 3195 1423 3240 re-

239 3289 373 3372 petere,
405 3285 502 3352 hanc
530 3286 719 3372 copiarum
746 3283 1057 3350 enumerationem
1085 3287 1254 3352 accurate
1277 3306 1322 3352 ex
1345 3305 1424 3352 car·

239 3397 336 3463 mine
368 3397 469 3481 epico
502 3397 744 3482 exscripsisse.
791 3393 868 3462 Nec
900 3395 1047 3461 omnino
1080 3396 1180 3463 credi
1205 3399 1322 3483 potest
1347 3399 1424 3464 tam

239 3507 402 3573 ieiunum
424 3505 517 3573 illud
540 3527 687 3573 carmen
708 3506 829 3588 fuisse,
852 3508 893 3571 ut
914 3507 1005 3572 tanti
1020 3507 1210 3573 nominum
1234 3509 1356 3575 acervi
1378 3528 1423 3574 ex

238 3636 281 3682 eo
305 3617 449 3701 excerpi
470 3620 630 3702 possent,
659 3617 726 3684 etsi
749 3617 871 3683 omnia
894 3617 1044 3682 nomina
1065 3619 1188 3683 versui
1209 3616 1420 3685 hexametro

242 3726 473 3814 quadrarent.
511 3724 717 3794 Herodotus
735 3730 856 3794 autem
878 3726 1029 3794 secundi
1051 3727 1211 3814 quodam
1232 3728 1318 3796 libri
1339 3729 1420 3796 loco

240 3837 377 3921 (0112)
402 3836 446 3903 de
460 3834 666 3903 Homericis
688 3837 777 3922 ipsis
800 3837 1023 3904 carminibus
1038 3838 1152 3905 verba
1172 3837 1308 3906 faciens
1333 3838 1421 3906 dicit

239 3943 271 4012 εἰ
299 3940 358 4030 χρή
389 3970 422 4010 τι
452 3947 541 4011 τοῖσι
579 3942 776 4009 ἐποποιοῖσι
812 3939 979 4027 χρεόμενον
1015 3943 1126 4030 λέγειν.
1187 3946 1307 4029 Quare
1335 3948 1422 4016 Nie-

240 4059 363 4128 buhrii
400 4059 445 4126 de
482 4056 650 4126 Choerilo
691 4057 937 4123 coniecturam
972 4059 1059 4142 puto
1099 4058 1207 4145 plane
1250 4059 1421 4128 abiicien-

242 4172 328 4239 dam
350 4190 437 4238 esse.
