3496 5248
769 560 1096 641 -14-,

171 740 173 748 '
284 740 333 806 ad
360 742 603 826 cognitionem
626 742 850 812 Graecorum
873 746 1002 814 Asiam
1027 749 1262 817 incolentium
1285 771 1329 818 ea
1354 772 1463 839 pene-

282 855 399 919 trasse
422 852 727 921 verisimillimum
749 858 811 922 est.
1174 943 1175 946 Ἴ

368 959 449 1030 Iam
470 963 618 1030 tandem
639 965 802 1032 redimus
825 967 873 1034 ad
894 968 1119 1056 Aeschylum
1140 970 1269 1058 ipsum.
1301 971 1462 1042 Easdem

283 1073 382 1160 apud
404 1093 488 1141 enm
511 1078 680 1161 quattuor
701 1081 822 1163 partes
839 1077 1013 1146 videmus.
1050 1079 1133 1166 Ipse
1149 1101 1291 1169 quoque
1306 1103 1462 1169 regnum

282 1205 356 1251 non
371 1184 420 1251 ad
433 1184 560 1269 librae,
581 1185 645 1253 sed
660 1187 709 1254 ad
722 1188 971 1274 perpendiculi
985 1192 1163 1259 rationem
1178 1195 1332 1278 partitur
1345 1197 1461 1281 prius=

281 1314 351 1382 que
366 1296 460 1362 sicut
473 1294 505 1362 B
520 1299 557 1364 et
570 1293 601 1363 P
617 1297 877 1365 occidentalem
892 1303 1033 1386 partem
1054 1302 1199 1389 profert.
1238 1302 1460 1374 Orientalem

281 1409 403 1472 autem
433 1407 560 1492 paucis
582 1408 705 1476 verbis
732 1411 889 1495 expedit,
924 1413 1029 1497 quasi
1053 1413 1249 1482 barbaram
1270 1418 1460 1484 nominum

279 1515 414 1584 molem
430 1516 591 1586 horrens,
628 1517 712 1586 Una
725 1540 765 1587 re
781 1520 971 1606 discrepat,
990 1523 1089 1609 quod
1103 1523 1330 1610 Babylonem
1344 1530 1461 1612 poste-

278 1629 375 1695 riore
397 1627 477 1695 loco
501 1629 596 1712 citat,
620 1649 694 1716 qua
715 1631 760 1697 de
781 1652 821 1698 re
843 1632 940 1698 inira
961 1636 1097 1718 agetur.
1142 1634 1287 1723 Aliquis
1309 1639 1460 1705 rationis

278 1739 373 1805 inter
403 1737 485 1806 illas
512 1740 764 1826 inscriptiones
791 1745 826 1808 et
848 1742 942 1810 hane
964 1743 1139 1830 Aeschyli
1164 1746 1329 1830 parodorr
1350 1748 1460 1816 inter-

280 1850 408 1917 cedere
442 1849 699 1918 contenderim.
749 1848 850 1931 Quae
881 1853 999 1938 qualis
1029 1853 1155 1937 fuerit,
1188 1876 1234 1923 ex
1265 1858 1335 1941 eis,
1368 1878 1462 1944 quae

278 1962 400 2048 priore
430 1963 532 2046 parte
563 1958 671 2027 huius
700 1963 865 2048 opusculi
892 1963 1186 2033 demonstrabam
1212 1966 1370 2034 divinari
1395 1989 1458 2056 po-

279 2075 356 2138 test.
394 2071 652 2139 Divinantibus
675 2076 796 2140 autem
818 2094 902 2142 ecce
925 2077 1104 2144 succurrit
1124 2075 1303 2145 Herodoti
1324 2078 1383 2146 hic
1406 2080 1459 2148 lc·

279 2202 369 2250 cus:
390 2170 562 2258 Ἑκαταῖος
578 2169 596 2246 ὃ
610 2177 786 2266 λογοποιὸς
809 2184 924 2266 πρῶτα
941 2181 1000 2266 μὲν
1023 2174 1080 2249 οὐκ
1096 2180 1133 2249 ἔα
1156 2180 1302 2268 πόλεμον
1323 2187 1459 2270 βασιλέϊ

278 2293 343 2354 τῶν
361 2292 498 2378 Περσῶν
521 2281 739 2376 ἀναιρέεσθαι
760 2291 949 2379 καταλέγων
969 2289 1047 2360 odos
1062 2291 1160 2361 ἔθνεα
1176 2291 1287 2362 πάντα
1305 2299 1370 2362 τῶν
1384 2285 1460 2384 ἦρχε

281 2405 421 2486 Δαρεῖος
442 2400 500 2467 καὶ
521 2397 580 2490 τὴν
601 2397 735 2486 δύναμιν
759 2393 860 2470 αὐτοῦ
882 2406 934 2490 (V
957 2408 1020 2490 36).
1064 2409 1121 2476 Ex
1153 2429 1224 2496 quo
1246 2410 1327 2478 1000
1351 2411 1458 2478 disei-

277 2534 360 2581 mus
385 2513 611 2582 Hecataeum
643 2521 725 2583 ante
757 2517 970 2586 seditionem
996 2519 1159 2587 Ionicam
1185 2518 1351 2588 Persiam
1380 2541 1462 2608 per-

276 2627 455 2710 migrasse
487 2624 639 2708 (simodo
670 2628 759 2694 certi
790 2628 879 2714 quid
909 2650 954 2696 ex
985 2628 1054 2697 hac
1091 2630 1284 2698 traditione
1320 2632 1457 2699 lucrari

276 2755 484 2822 possumus,
517 2756 601 2803 cum
630 2736 840 2820 ignoremus
871 2739 993 2824 quoad
1019 2760 1141 2807 rerum
1164 2741 1297 2807 veritas
1320 2741 1456 2808 Milesi-

212 2856 213 2860 ’
278 2867 383 2913 orum
397 2848 497 2914 fama
510 2847 633 2915 fucata
648 2849 716 2930 sit),
740 2847 870 2915 deinde
892 2849 1057 2916 tabulam
1071 2851 1175 2934 regni
1190 2848 1329 2917 Persici
1343 2870 1456 2937 popu-

276 2957 398 3026 lorum
419 2978 503 3025 eum
524 2957 742 3045 possedisse,
773 2961 954 3045 postremo
982 2959 1169 3046 copiarum
1196 2960 1292 3044 regis
1315 2962 1456 3046 magni-

276 3069 441 3136 tudinem
464 3071 686 3155 compertam
704 3069 738 3136 ei
752 3068 871 3135 fuisse.
911 3067 999 3135 Utut
1013 3069 1103 3137 haee
1120 3072 1213 3152 sunt,
1229 3067 1456 3136 Herodotum

278 3183 374 3247 certe
396 3180 460 3246 vix
481 3178 546 3246 illa
566 3179 760 3246 tradidisse
782 3179 891 3246 credo
915 3179 991 3246 sive
1013 3180 1128 3246 relata
1146 3180 1193 3246 ab
1208 3180 1358 3248 Ionibus
1381 3181 1458 3248 sive

278 3310 301 3357 a
324 3311 361 3357 00
383 3289 478 3372 ficta,
500 3291 571 3357 nisi
592 3290 704 3358 talem
725 3291 1032 3357 enumerationem
1054 3291 1271 3378 populorum
1285 3292 1323 3357 in
1338 3289 1456 3358 Heca-

277 3401 350 3467 taei
372 3401 515 3486 scriptis
542 3404 666 3468 extare
689 3401 847 3468 vidisset.
891 3399 990 3468 Nam
1013 3399 1237 3469 Graecorum
1264 3400 1354 3469 haee
1382 3405 1460 3469 erat

279 3511 511 3594 consuetudo,
524 3531 617 3599 quae
625 3512 701 3579 iam
709 3510 886 3579 Herodoti
894 3512 1117 3598 temporibus
1128 3512 1316 3602 observari
1330 3515 1456 3598 potest,

278 3626 319 3688 ut
340 3621 536 3689 illustrium
557 3623 719 3690 virorum
742 3623 835 3689 vitas
852 3642 935 3689 cum
958 3620 1157 3688 eorundem
1179 3623 1321 3709 scriptis
1346 3642 1457 3709 quam

280 3733 459 3800 artissime
478 3736 713 3799 conecterent.
758 3731 857 3799 Nota
879 3735 963 3798 sunt
984 3751 1077 3818 quae
1100 3731 1144 3798 de
1161 3729 1301 3816 Solone,
1324 3731 1456 3800 Archi-

278 3843 395 3926 locho‚
427 3841 643 3924 Stesichoro,
674 3841 883 3927 Phrynicho
913 3841 1110 3928 multisque
1142 3841 1223 3908 aliis
1249 3845 1455 3909 narrantur.

280 3953 400 4042 Supra
420 3953 579 4022 vidimus
600 3951 826 4038 Aeschylum
856 3954 893 4020 in
926 3972 1066 4020 summo
1097 3953 1300 4038 partitionis
1332 3953 1458 4019 ordine

281 4087 365 4134 cum
394 4065 425 4132 B
457 4068 492 4132 et
517 4062 548 4130 P
579 4062 692 4131 titulis
725 4063 933 4146 concinere,
966 4084 988 4129 a
1018 4061 1111 4128 Nlla
1143 4063 1340 4131 dissentire.
1385 4062 1455 4129 Hic

281 4181 403 4243 autem
425 4179 507 4242 ante
530 4195 667 4241 annum
689 4174 1088 4260 quadringentesimum
1105 4175 1382 4258 nonagesimum
1404 4173 1458 4238 ul-

280 4290 370 4355 tima
391 4287 503 4353 Darei
530 4289 646 4353 aetate
673 4286 828 4371 scriptus
855 4287 916 4352 est.
961 4282 1167 4351 Hecataeus
1190 4288 1272 4351 ante
1294 4282 1459 4351 rebellio-

281 4419 365 4466 nem
385 4398 549 4465 Ionicam
574 4399 700 4463 Asiam
724 4396 819 4476 visit3
845 4415 958 4482 quare
980 4395 1103 4481 siquas
1126 4395 1269 4463 tabulas
1291 4393 1456 4461 Persicas

281 4511 340 4575 vel
363 4529 488 4575 carum
512 4507 723 4592 apographa
744 4506 909 4592 inspexit,
935 4527 1007 4573 uon
1030 4505 1132 4587 Nlla,
1156 4505 1220 4571 sed
1242 4506 1381 4592 priores
1403 4506 1457 4571 in-
