3496 5248
737 529 948 590 ..⁶24..

256 715 407 782 nichum
438 733 532 802 quae
565 713 608 780 de
639 712 823 781 Hecataeo
856 713 1027 798 cognosci
1056 715 1223 800 poterant
1258 717 1445 800 comperta

256 824 427 893 habuisse
442 824 638 892 verisimile
654 826 716 891 est.
756 822 906 910 Scriptis
929 844 1073 912 quoque
1088 825 1165 891 eius
1181 824 1270 910 quin
1293 844 1442 910 operam

258 935 399 1003 dederit
427 935 529 1003 haud
559 935 753 1021 quisquam
776 933 972 1018 dubitabit,
1005 936 1068 1022 qui
1090 936 1306 1002 concesserit
1328 937 1367 1002 in
1389 937 1444 1003 eis

257 1046 373 1121 multa
394 1046 608 1133 pertinuisse
631 1045 678 1111 ad
700 1045 822 1130 ipsum
837 1043 1038 1131 Phrynichi
1060 1048 1316 1131 argumentum
1337 1050 1445 1133 prae‘ss

257 1160 312 1224 ter
342 1156 647 1242 expugnationem
675 1155 793 1222 multa
822 1155 882 1222 vel
911 1154 1085 1223 historica
1111 1156 1170 1224 vel
1196 1156 1444 1242 geographica

258 1267 501 1353 complexum,
529 1269 570 1332 ut
592 1287 637 1333 ex
658 1265 833 1352 Aeschyli
855 1265 977 1334 Persis
1004 1267 1136 1335 couiici
1157 1270 1282 1353 potest.
1328 1266 1442 1334 Athe-

258 1379 315 1445 nis
336 1376 562 1446 Hecataeum
583 1377 694 1444 fuisse
721 1379 761 1444 ut
782 1397 848 1464 per
870 1378 1009 1445 severi
1035 1378 1261 1445 simillimum
1283 1379 1335 1445 ita
1358 1399 1443 1446 con-

257 1488 424 1556 firmatur
446 1488 498 1555 eis
527 1508 619 1575 quae
648 1488 691 1555 de
713 1486 878 1573 Pelasgis
906 1488 952 1556 ab
974 1487 1258 1556 Atheniensibus
1285 1489 1445 1557 detrusis

256 1599 320 1668 illo
357 1602 503 1667 auctore
534 1618 622 1666 usus
654 1601 914 1666 commemorat
945 1598 1171 1682 (11137111)
1215 1598 1442 1668 Hecataeum

260 1713 380 1778 autem
396 1712 577 1796 tragicum
592 1729 736 1797 quoque
750 1710 855 1777 illum
871 1711 1084 1778 convenisse
1109 1712 1144 1778 et
1165 1712 1333 1797 quamvis
1360 1713 1445 1778 ante

258 1841 317 1888 res
331 1821 480 1889 Jonicas
504 1823 667 1887 animum
682 1822 759 1888 eius
774 1820 946 1888 historiae
969 1820 1128 1908 quodam
1151 1820 1281 1888 ardore
1304 1822 1446 1907 cepisse

259 1936 295 2000 et
317 1931 365 1998 ad
386 1951 446 1999 res
473 1932 599 1998 aetatis
622 1932 832 1999 recentioris
860 1951 989 1999 scenae
1013 1932 1290 1998 committendas
1314 1951 1443 1998 ansam

259 2044 293 2110 11
315 2041 457 2110 dedisse
480 2043 512 2108 si
533 2041 624 2108 nihil
647 2045 701 2108 est
722 2041 930 2109 documenti
957 2061 1028 2128 quo
1052 2043 1321 2128 comprobetur,
1344 2042 1443 2130 quod

259 2153 462 2238 refragetur
484 2152 605 2240 quoad
627 2153 735 2220 video
757 2151 850 2218 nihil
872 2155 934 2219 est.

345 2262 465 2346 Magis
493 2282 603 2350 quam
629 2264 668 2330 in
691 2241 845 2348 Μιλήτου
868 2251 989 2326 ἁλώσει
1015 2262 1119 2330 libris
1141 2262 1316 2331 Hecataei
1339 2262 1445 2331 adhi-

259 2373 388 2441 bendis
410 2373 513 2441 locus
537 2377 614 2441 erat
636 2376 674 2442 in
697 2373 921 2457 Phoenissis,
953 2394 1027 2462 qua
1051 2374 1177 2442 fabula
1202 2375 1311 2442 totius
1338 2375 1444 2460 regni

260 2483 457 2552 Persarum
494 2485 645 2552 exitium
682 2486 963 2553 describebatur.
1008 2484 1137 2573 Neque
1174 2487 1272 2554 1111111
1307 2485 1443 2553 frustra

259 2593 464 2662 Hecataeus
487 2588 565 2657 τάτε
587 2588 686 2658 ἔθνεα
709 2587 821 2657 πάντα
845 2596 909 2658 τῶν
930 2580 1005 2681 ἦρχε
1027 2599 1167 2679 Δαρεῖος
1187 2593 1247 2659 καὶ
1268 2590 1326 2682 τὴν
1348 2588 1446 2660 δύνα-

258 2729 316 2786 μιν
343 2694 443 2768 αὐτοῦ
471 2710 749 2773 enumeraverat
770 2705 868 2786 (Her.
892 2706 928 2772 V
951 2708 1022 2790 36),
1054 2707 1119 2773 sed
1146 2707 1337 2774 affluenter
1357 2707 1445 2773 illae

261 2816 360 2902 apud
372 2814 622 2902 Phrynichum
637 2815 859 2884 Phoenissae
883 2817 928 2883 de
950 2817 1085 2884 talibus
1100 2816 1210 2883 rebus
1224 2815 1446 2884 vociferatae

261 2929 374 2994 erunt.
419 2927 463 2993 In
494 2925 668 3012 Aeschyli
698 2925 819 2993 Persis
850 2926 1031 3012 permulta
1060 2926 1250 3011 leguntur,
1282 2945 1375 3013 quae
1405 2925 1445 2992 in

261 3036 463 3125 Phrynichi
485 3057 628 3124 quoque
651 3036 787 3120 fabula,
809 3037 931 3104 verbis
948 3037 1038 3120 aliis,
1063 3037 1226 3124 exposita
1244 3037 1356 3104 fuisse
1378 3056 1448 3123 pro

262 3151 359 3217 certo
390 3148 609 3232 habeamuS,
640 3149 740 3216 velut
770 3148 933 3234 gentium
962 3147 1068 3214 illum
1094 3147 1262 3216 indicem.
1315 3146 1371 3216 Ob
1405 3147 1445 3214 id

262 3260 384 3345 ipsum
406 3263 483 3326 tam
506 3259 653 3327 difficile
676 3262 730 3326 est
751 3257 848 3326 unde
870 3259 1036 3326 notitiam
1067 3279 1191 3326 rerum
1216 3257 1446 3327 Medicorum
1482 3261 1483 3264 ’

262 3367 468 3454 Aeschylus
491 3370 665 3437 derivarit
686 3370 873 3455 indagare,
897 3370 995 3457 quod
1015 3389 1158 3456 semper
1172 3370 1310 3454 ambigi
1330 3371 1451 3456 potest

263 3481 387 3544 utrum
409 3479 486 3565 ipse
509 3480 786 3567 quibuscunque
810 3478 854 3548 dc
876 3480 1037 3548 fontibus
1052 3479 1216 3547 hauserit
1231 3500 1278 3546 an
1294 3499 1316 3546 a
1331 3477 1448 3565 Phry-

263 3586 373 3656 nicho
396 3588 442 3654 sit
463 3592 664 3666 mutuatus;
688 3590 829 3658 accedit
843 3590 941 3677 quod
957 3609 1028 3676 quo
1044 3593 1205 3676 tempore
1221 3588 1449 3656 Milesiorum

261 3697 461 3784 'primarius
484 3697 544 3764 1111
566 3701 624 3766 vir
646 3719 714 3767 sna
736 3701 991 3787 conscripserit
1011 3701 1211 3784 ignoratur.

352 3805 453 3888 Quae
475 3806 718 3894 qualicunque
745 3811 855 3877 modo
882 3808 1119 3878 diiudicanda
1141 3812 1239 3893 sunt,
1271 3810 1320 3877 ad
1351 3829 1452 3877 sum-

266 3937 367 3985 mam
392 3937 515 3985 rerum
540 3937 615 3985 non
640 3920 821 4004 pertinent
846 3941 962 4006 neque
990 3921 1186 4008 quicquam
1214 3919 1453 3988 dubitationis

267 4029 470 4097 rationibus
492 4028 575 4112 illis,
599 4047 689 4116 quas
713 4049 825 4115 supra
847 4031 986 4116 aperire
1003 4030 1233 4113 tentavimus,
1255 4051 1372 4118 neque
1395 4031 1451 4097 ln-

267 4140 377 4208 minis
400 4140 528 4208 afferre
549 4141 710 4226 possunt,
734 4139 866 4226 quibus
889 4159 955 4206 nos
975 4140 1122 4226 quidem
1139 4141 1184 4208 de
1199 4139 1451 4228 Phrynicheae

268 4252 357 4318 artis
381 4252 527 4338 propria
548 4253 696 4336 natura,
721 4251 853 4319 crassis
875 4249 997 4319 adhuc
1018 4270 1210 4320 versamur
1231 4253 1270 4319 in
1290 4250 1450 4319 tenebris

269 4361 326 4442 (cf.
352 4361 435 4437 adn.
459 4361 522 4443 28).

356 4471 481 4540 Pauca
511 4471 619 4540 liceat
650 4472 857 4558 adiungere.
907 4472 1111 4560 Aeschylus
1147 4474 1186 4542 in
1223 4471 1348 4540 ordine
1385 4489 1454 4536 suo
