<?xml version="1.0" encoding="UTF-8"?>
<!DOCTYPE html PUBLIC "-//W3C//DTD XHTML 1.0 Transitional//EN"
    "http://www.w3.org/TR/xhtml1/DTD/xhtml1-transitional.dtd">
<html xmlns="http://www.w3.org/1999/xhtml" xml:lang="en" lang="en">
 <head>
  <title>
</title>
<meta http-equiv="Content-Type" content="text/html;charset=utf-8" />
  <meta name='ocr-system' content='tesseract 3.04.00' />
  <meta name='ocr-capabilities' content='ocr_page ocr_carea ocr_par ocr_line ocrx_word'/>
</head>
<body>
  <div class='ocr_page' id='page_1' title='image "./quaestioneshero00friegoog_0020.png"; bbox 0 0 3496 5248; ppageno 0'>
   <div class='ocr_carea' id='block_1_1' title="bbox 749 533 959 593">
    <p class='ocr_par' dir='ltr' id='par_1_1' title="bbox 749 533 959 593">
     <span class='ocr_line' id='line_1_1' title="bbox 749 533 959 593; baseline -0.01 -19"><span class='ocrx_word' id='word_1_1' title='bbox 749 533 959 593; x_wconf 58' lang='lat'>„11-</span> 
     </span>
    </p>
   </div>
   <div class='ocr_carea' id='block_1_2' title="bbox 228 712 1535 4573">
    <p class='ocr_par' dir='ltr' id='par_1_2' title="bbox 228 712 1448 2888">
     <span class='ocr_line' id='line_1_2' title="bbox 268 712 1444 801; baseline -0.002 -19"><span class='ocrx_word' id='word_1_2' title='bbox 268 717 308 782; x_wconf 90' lang='lat' dir='ltr'>in</span> <span class='ocrx_word' id='word_1_3' title='bbox 328 714 601 801; x_wconf 90' lang='lat' dir='ltr'>Persepolitana</span> <span class='ocrx_word' id='word_1_4' title='bbox 623 719 704 801; x_wconf 89' lang='lat' dir='ltr'>post</span> <span class='ocrx_word' id='word_1_5' title='bbox 726 716 935 800; x_wconf 85' lang='lat' dir='ltr'>Aegyptum</span> <span class='ocrx_word' id='word_1_6' title='bbox 961 715 999 780; x_wconf 93' lang='lat' dir='ltr'>in</span> <span class='ocrx_word' id='word_1_7' title='bbox 1022 715 1139 800; x_wconf 86' lang='lat' dir='ltr'>ipsam</span> <span class='ocrx_word' id='word_1_8' title='bbox 1160 712 1326 780; x_wconf 90' lang='lat' dir='ltr'>Persiam</span> <span class='ocrx_word' id='word_1_9' title='bbox 1347 713 1444 780; x_wconf 91' lang='lat' dir='ltr'>redi·</span> 
     </span>
     <span class='ocr_line' id='line_1_3' title="bbox 264 823 1444 913; baseline -0.001 -22"><span class='ocrx_word' id='word_1_10' title='bbox 264 829 326 892; x_wconf 89' lang='lat' dir='ltr'>tur</span> <span class='ocrx_word' id='word_1_11' title='bbox 351 826 436 894; x_wconf 91' lang='lat' dir='ltr'>inde</span> <span class='ocrx_word' id='word_1_12' title='bbox 471 826 607 894; x_wconf 90' lang='lat' dir='ltr'>directa</span> <span class='ocrx_word' id='word_1_13' title='bbox 630 827 690 893; x_wconf 90' lang='lat' dir='ltr'>via</span> <span class='ocrx_word' id='word_1_14' title='bbox 711 846 777 913; x_wconf 88' lang='lat' dir='ltr'>per</span> <span class='ocrx_word' id='word_1_15' title='bbox 798 826 1013 893; x_wconf 82' lang='lat' dir='ltr'><strong>Armeniam</strong></span> <span class='ocrx_word' id='word_1_16' title='bbox 1043 828 1078 892; x_wconf 89' lang='grc'>01</span> <span class='ocrx_word' id='word_1_17' title='bbox 1100 823 1372 912; x_wconf 78' lang='lat' dir='ltr'>Cappadociam</span> <span class='ocrx_word' id='word_1_18' title='bbox 1395 823 1444 890; x_wconf 88' lang='lat' dir='ltr'>ad</span> 
     </span>
     <span class='ocr_line' id='line_1_4' title="bbox 270 935 1442 1019; baseline -0.003 -13"><span class='ocrx_word' id='word_1_19' title='bbox 270 936 429 1006; x_wconf 85' lang='lat' dir='ltr'>Graecos</span> <span class='ocrx_word' id='word_1_20' title='bbox 445 937 703 1005; x_wconf 89' lang='lat' dir='ltr'>eontinentales</span> <span class='ocrx_word' id='word_1_21' title='bbox 719 940 754 1005; x_wconf 89' lang='lat' dir='ltr'>et</span> <span class='ocrx_word' id='word_1_22' title='bbox 768 936 964 1004; x_wconf 88' lang='lat' dir='ltr'>insulanos.</span> <span class='ocrx_word' id='word_1_23' title='bbox 1002 936 1046 1003; x_wconf 91' lang='lat' dir='ltr'>In</span> <span class='ocrx_word' id='word_1_24' title='bbox 1061 935 1258 1004; x_wconf 87' lang='lat' dir='ltr'>Behistana</span> <span class='ocrx_word' id='word_1_25' title='bbox 1280 935 1335 1019; x_wconf 86' lang='lat' dir='ltr'>(B)</span> <span class='ocrx_word' id='word_1_26' title='bbox 1352 936 1442 1011; x_wconf 93' lang='lat' dir='ltr'>ordo</span> 
     </span>
     <span class='ocr_line' id='line_1_5' title="bbox 265 1047 1445 1134; baseline -0.002 -20"><span class='ocrx_word' id='word_1_27' title='bbox 265 1049 432 1117; x_wconf 87' lang='lat' dir='ltr'>turbatus</span> <span class='ocrx_word' id='word_1_28' title='bbox 468 1051 530 1116; x_wconf 90' lang='lat' dir='ltr'>est.</span> <span class='ocrx_word' id='word_1_29' title='bbox 578 1047 724 1115; x_wconf 81' lang='lat' dir='ltr'>Insulae</span> <span class='ocrx_word' id='word_1_30' title='bbox 760 1048 872 1114; x_wconf 83' lang='lat' dir='ltr'>maris</span> <span class='ocrx_word' id='word_1_31' title='bbox 909 1047 1165 1114; x_wconf 82' lang='lat' dir='ltr'>mediterranei</span> <span class='ocrx_word' id='word_1_32' title='bbox 1202 1047 1314 1133; x_wconf 85' lang='lat' dir='ltr'>priori</span> <span class='ocrx_word' id='word_1_33' title='bbox 1348 1047 1445 1134; x_wconf 90' lang='lat' dir='ltr'>parti</span> 
     </span>
     <span class='ocr_line' id='line_1_6' title="bbox 268 1157 1445 1244; baseline -0.003 -18"><span class='ocrx_word' id='word_1_34' title='bbox 268 1159 543 1244; x_wconf 88' lang='lat' dir='ltr'>subiungendae</span> <span class='ocrx_word' id='word_1_35' title='bbox 575 1158 752 1236; x_wconf 88' lang='lat' dir='ltr'>videntur,</span> <span class='ocrx_word' id='word_1_36' title='bbox 783 1158 907 1226; x_wconf 88' lang='lat' dir='ltr'>Media</span> <span class='ocrx_word' id='word_1_37' title='bbox 936 1158 1050 1244; x_wconf 87' lang='lat' dir='ltr'>partis</span> <span class='ocrx_word' id='word_1_38' title='bbox 1082 1157 1262 1225; x_wconf 88' lang='lat' dir='ltr'>secundae</span> <span class='ocrx_word' id='word_1_39' title='bbox 1289 1157 1445 1225; x_wconf 87' lang='lat' dir='ltr'>debebat</span> 
     </span>
     <span class='ocr_line' id='line_1_7' title="bbox 265 1267 1444 1355; baseline -0.003 -19"><span class='ocrx_word' id='word_1_40' title='bbox 265 1270 408 1338; x_wconf 89' lang='lat' dir='ltr'>initium</span> <span class='ocrx_word' id='word_1_41' title='bbox 438 1289 526 1338; x_wconf 89' lang='lat' dir='ltr'>esse.</span> <span class='ocrx_word' id='word_1_42' title='bbox 582 1268 755 1336; x_wconf 80' lang='lat' dir='ltr'>Ordinem</span> <span class='ocrx_word' id='word_1_43' title='bbox 790 1268 898 1336; x_wconf 89' lang='lat' dir='ltr'>huius</span> <span class='ocrx_word' id='word_1_44' title='bbox 929 1269 1043 1355; x_wconf 90' lang='lat' dir='ltr'>partis</span> <span class='ocrx_word' id='word_1_45' title='bbox 1077 1267 1335 1355; x_wconf 90' lang='lat' dir='ltr'>depravatum,</span> <span class='ocrx_word' id='word_1_46' title='bbox 1372 1289 1444 1334; x_wconf 93' lang='lat' dir='ltr'>non</span> 
     </span>
     <span class='ocr_line' id='line_1_8' title="bbox 264 1379 1446 1467; baseline -0.002 -19"><span class='ocrx_word' id='word_1_47' title='bbox 264 1383 465 1467; x_wconf 87' lang='lat' dir='ltr'>genuinum</span> <span class='ocrx_word' id='word_1_48' title='bbox 501 1384 536 1448; x_wconf 89' lang='lat' dir='ltr'>et</span> <span class='ocrx_word' id='word_1_49' title='bbox 566 1379 730 1447; x_wconf 86' lang='lat' dir='ltr'>consulto</span> <span class='ocrx_word' id='word_1_50' title='bbox 761 1399 839 1448; x_wconf 89' lang='lat' dir='ltr'>esse</span> <span class='ocrx_word' id='word_1_51' title='bbox 873 1379 925 1446; x_wconf 89' lang='lat' dir='ltr'>ita</span> <span class='ocrx_word' id='word_1_52' title='bbox 956 1382 1206 1465; x_wconf 86' lang='lat' dir='ltr'>comparatum</span> <span class='ocrx_word' id='word_1_53' title='bbox 1236 1379 1322 1446; x_wconf 90' lang='lat' dir='ltr'>inde</span> <span class='ocrx_word' id='word_1_54' title='bbox 1358 1399 1446 1466; x_wconf 91' lang='lat' dir='ltr'>quo-</span> 
     </span>
     <span class='ocr_line' id='line_1_9' title="bbox 228 1489 1448 1579; baseline 0.002 -25"><span class='ocrx_word' id='word_1_55' title='bbox 228 1546 231 1554; x_wconf 93' lang='lat'>.</span> <span class='ocrx_word' id='word_1_56' title='bbox 263 1513 336 1579; x_wconf 91' lang='lat' dir='ltr'>que</span> <span class='ocrx_word' id='word_1_57' title='bbox 365 1491 591 1578; x_wconf 81' lang='lat' dir='ltr'>perspicitur,</span> <span class='ocrx_word' id='word_1_58' title='bbox 623 1492 722 1577; x_wconf 87' lang='lat' dir='ltr'>quod</span> <span class='ocrx_word' id='word_1_59' title='bbox 746 1491 871 1574; x_wconf 77' lang='lat' dir='ltr'>donia,</span> <span class='ocrx_word' id='word_1_60' title='bbox 903 1491 996 1558; x_wconf 89' lang='lat' dir='ltr'>sicut</span> <span class='ocrx_word' id='word_1_61' title='bbox 1025 1491 1063 1556; x_wconf 91' lang='lat' dir='ltr'>in</span> <span class='ocrx_word' id='word_1_62' title='bbox 1095 1489 1263 1557; x_wconf 90' lang='lat' dir='ltr'>omnibus</span> <span class='ocrx_word' id='word_1_63' title='bbox 1293 1490 1448 1576; x_wconf 87' lang='lat' dir='ltr'>inserip-</span> 
     </span>
     <span class='ocr_line' id='line_1_10' title="bbox 266 1597 1448 1688; baseline -0.002 -20"><span class='ocrx_word' id='word_1_64' title='bbox 266 1603 438 1685; x_wconf 74' lang='lat' dir='ltr'>tionibus,</span> <span class='ocrx_word' id='word_1_65' title='bbox 469 1604 552 1688; x_wconf 91' lang='lat' dir='ltr'>post</span> <span class='ocrx_word' id='word_1_66' title='bbox 574 1601 706 1670; x_wconf 85' lang='lat' dir='ltr'>Sardes</span> <span class='ocrx_word' id='word_1_67' title='bbox 729 1601 878 1669; x_wconf 86' lang='lat' dir='ltr'>affertur</span> <span class='ocrx_word' id='word_1_68' title='bbox 905 1601 952 1688; x_wconf 85' lang='lat' dir='ltr'>(p.</span> <span class='ocrx_word' id='word_1_69' title='bbox 976 1605 1004 1683; x_wconf 87' lang='lat'>5,</span> <span class='ocrx_word' id='word_1_70' title='bbox 1028 1605 1080 1684; x_wconf 82' lang='lat'>47,</span> <span class='ocrx_word' id='word_1_71' title='bbox 1104 1601 1167 1682; x_wconf 84' lang='lat'><strong>51).</strong></span> <span class='ocrx_word' id='word_1_72' title='bbox 1213 1597 1333 1679; x_wconf 79' lang='lat' dir='ltr'>Quare</span> <span class='ocrx_word' id='word_1_73' title='bbox 1355 1600 1448 1667; x_wconf 92' lang='lat' dir='ltr'>nihil</span> 
     </span>
     <span class='ocr_line' id='line_1_11' title="bbox 267 1710 1448 1799; baseline 0 -21"><span class='ocrx_word' id='word_1_74' title='bbox 267 1711 358 1778; x_wconf 90' lang='lat' dir='ltr'>mihi</span> <span class='ocrx_word' id='word_1_75' title='bbox 385 1713 611 1799; x_wconf 88' lang='lat' dir='ltr'>sumpserim,</span> <span class='ocrx_word' id='word_1_76' title='bbox 643 1713 674 1779; x_wconf 91' lang='lat' dir='ltr'>si</span> <span class='ocrx_word' id='word_1_77' title='bbox 705 1711 840 1782; x_wconf 86' lang='lat' dir='ltr'>Sardes</span> <span class='ocrx_word' id='word_1_78' title='bbox 871 1714 907 1780; x_wconf 88' lang='lat' dir='ltr'>et</span> <span class='ocrx_word' id='word_1_79' title='bbox 935 1712 1082 1780; x_wconf 87' lang='lat' dir='ltr'>Joniam</span> <span class='ocrx_word' id='word_1_80' title='bbox 1111 1715 1193 1799; x_wconf 91' lang='lat' dir='ltr'>post</span> <span class='ocrx_word' id='word_1_81' title='bbox 1225 1710 1350 1799; x_wconf 85' lang='lat' dir='ltr'>Cappa</span> <span class='ocrx_word' id='word_1_82' title='bbox 1383 1711 1448 1778; x_wconf 96' lang='lat' dir='ltr'>do-</span> 
     </span>
     <span class='ocr_line' id='line_1_12' title="bbox 268 1823 1448 1909; baseline -0.001 -19"><span class='ocrx_word' id='word_1_83' title='bbox 268 1824 371 1905; x_wconf 87' lang='lat' dir='ltr'>ciam,</span> <span class='ocrx_word' id='word_1_84' title='bbox 395 1843 488 1909; x_wconf 82' lang='lat' dir='ltr'>quae</span> <span class='ocrx_word' id='word_1_85' title='bbox 516 1823 773 1890; x_wconf 87' lang='lat' dir='ltr'>duodecimum</span> <span class='ocrx_word' id='word_1_86' title='bbox 803 1823 941 1891; x_wconf 89' lang='lat' dir='ltr'>ordinis</span> <span class='ocrx_word' id='word_1_87' title='bbox 972 1823 1093 1890; x_wconf 90' lang='lat' dir='ltr'>locum</span> <span class='ocrx_word' id='word_1_88' title='bbox 1125 1826 1229 1907; x_wconf 88' lang='lat' dir='ltr'>tenet,</span> <span class='ocrx_word' id='word_1_89' title='bbox 1260 1823 1448 1908; x_wconf 88' lang='lat' dir='ltr'>ponendas</span> 
     </span>
     <span class='ocr_line' id='line_1_13' title="bbox 266 1933 1448 2020; baseline 0.001 -21"><span class='ocrx_word' id='word_1_90' title='bbox 266 1933 392 2016; x_wconf 87' lang='lat' dir='ltr'>fuisse,</span> <span class='ocrx_word' id='word_1_91' title='bbox 416 1933 481 2001; x_wconf 92' lang='lat' dir='ltr'>sed</span> <span class='ocrx_word' id='word_1_92' title='bbox 502 1953 624 2000; x_wconf 90' lang='lat' dir='ltr'>errore</span> <span class='ocrx_word' id='word_1_93' title='bbox 647 1934 808 2020; x_wconf 90' lang='lat' dir='ltr'>quodam</span> <span class='ocrx_word' id='word_1_94' title='bbox 829 1934 923 2001; x_wconf 89' lang='lat' dir='ltr'>inter</span> <span class='ocrx_word' id='word_1_95' title='bbox 953 1933 1092 2000; x_wconf 91' lang='lat' dir='ltr'>insulas</span> <span class='ocrx_word' id='word_1_96' title='bbox 1105 1999 1108 2008; x_wconf 87' lang='grc'><em>,</em></span> <span class='ocrx_word' id='word_1_97' title='bbox 1122 1933 1205 2000; x_wconf 89' lang='lat' dir='ltr'>illas</span> <span class='ocrx_word' id='word_1_98' title='bbox 1229 1937 1263 2000; x_wconf 90' lang='lat' dir='ltr'>et</span> <span class='ocrx_word' id='word_1_99' title='bbox 1284 1933 1448 2000; x_wconf 85' lang='lat' dir='ltr'>Mediam</span> 
     </span>
     <span class='ocr_line' id='line_1_14' title="bbox 266 2043 1447 2132; baseline 0.001 -21"><span class='ocrx_word' id='word_1_100' title='bbox 266 2045 519 2112; x_wconf 78' lang='lat' dir='ltr'>intercalatam</span> <span class='ocrx_word' id='word_1_101' title='bbox 552 2064 629 2112; x_wconf 89' lang='lat' dir='ltr'>esse</span> <span class='ocrx_word' id='word_1_102' title='bbox 659 2049 755 2131; x_wconf 86' lang='lat' dir='ltr'>puto.</span> <span class='ocrx_word' id='word_1_103' title='bbox 802 2043 882 2125; x_wconf 79' lang='lat' dir='ltr'>Qua</span> <span class='ocrx_word' id='word_1_104' title='bbox 914 2046 1053 2112; x_wconf 90' lang='lat' dir='ltr'>ratione</span> <span class='ocrx_word' id='word_1_105' title='bbox 1075 2043 1107 2111; x_wconf 92' lang='lat' dir='ltr'>P</span> <span class='ocrx_word' id='word_1_106' title='bbox 1129 2048 1164 2112; x_wconf 89' lang='lat' dir='ltr'>et</span> <span class='ocrx_word' id='word_1_107' title='bbox 1185 2044 1216 2111; x_wconf 93' lang='lat' dir='ltr'><strong>B</strong></span> <span class='ocrx_word' id='word_1_108' title='bbox 1238 2044 1345 2132; x_wconf 90' lang='lat' dir='ltr'>plane</span> <span class='ocrx_word' id='word_1_109' title='bbox 1371 2045 1447 2112; x_wconf 87' lang='lat' dir='ltr'>fere</span> 
     </span>
     <span class='ocr_line' id='line_1_15' title="bbox 265 2156 1447 2243; baseline 0 -19"><span class='ocrx_word' id='word_1_110' title='bbox 265 2158 470 2224; x_wconf 89' lang='lat' dir='ltr'>concinunt.</span> <span class='ocrx_word' id='word_1_111' title='bbox 488 2193 529 2202; x_wconf 90' lang='lat'>—</span> <span class='ocrx_word' id='word_1_112' title='bbox 546 2156 591 2223; x_wconf 95' lang='lat' dir='ltr'>In</span> <span class='ocrx_word' id='word_1_113' title='bbox 607 2157 773 2225; x_wconf 87' lang='lat' dir='ltr'>orientali</span> <span class='ocrx_word' id='word_1_114' title='bbox 794 2160 897 2243; x_wconf 88' lang='lat' dir='ltr'>parte</span> <span class='ocrx_word' id='word_1_115' title='bbox 918 2157 1170 2242; x_wconf 84' lang='lat' dir='ltr'>inscriptiones</span> <span class='ocrx_word' id='word_1_116' title='bbox 1193 2176 1266 2223; x_wconf 90' lang='lat' dir='ltr'>non</span> <span class='ocrx_word' id='word_1_117' title='bbox 1287 2159 1339 2223; x_wconf 85' lang='lat' dir='ltr'>ita</span> <span class='ocrx_word' id='word_1_118' title='bbox 1361 2177 1447 2224; x_wconf 91' lang='lat' dir='ltr'>con·</span> 
     </span>
     <span class='ocr_line' id='line_1_16' title="bbox 268 2249 1445 2354; baseline 0 -20"><span class='ocrx_word' id='word_1_119' title='bbox 268 2268 429 2335; x_wconf 84' lang='lat' dir='ltr'>sentiunt</span> <span class='ocrx_word' id='word_1_120' title='bbox 442 2268 536 2335; x_wconf 89' lang='lat' dir='ltr'>inter</span> <span class='ocrx_word' id='word_1_121' title='bbox 552 2287 703 2354; x_wconf 76' lang='lat' dir='ltr'>eaquae</span> <span class='ocrx_word' id='word_1_122' title='bbox 719 2287 777 2334; x_wconf 90' lang='lat' dir='ltr'>res</span> <span class='ocrx_word' id='word_1_123' title='bbox 787 2267 963 2354; x_wconf 86' lang='lat' dir='ltr'>explicari</span> <span class='ocrx_word' id='word_1_124' title='bbox 971 2269 1097 2353; x_wconf 88' lang='lat' dir='ltr'>potest,</span> <span class='ocrx_word' id='word_1_125' title='bbox 1108 2286 1192 2333; x_wconf 91' lang='lat' dir='ltr'>cum</span> <span class='ocrx_word' id='word_1_126' title='bbox 1203 2286 1264 2334; x_wconf 87' lang='lat' dir='ltr'>eas</span> <span class='ocrx_word' id='word_1_127' title='bbox 1279 2249 1445 2353; x_wconf 76' lang='lat' dir='ltr'>regiones</span> 
     </span>
     <span class='ocr_line' id='line_1_17' title="bbox 267 2377 1448 2464; baseline -0.001 -20"><span class='ocrx_word' id='word_1_128' title='bbox 267 2377 503 2464; x_wconf 87' lang='lat' dir='ltr'>Paropamiso</span> <span class='ocrx_word' id='word_1_129' title='bbox 526 2397 600 2444; x_wconf 90' lang='lat' dir='ltr'>non</span> <span class='ocrx_word' id='word_1_130' title='bbox 621 2382 698 2442; x_wconf 90' lang='lat' dir='ltr'>tam</span> <span class='ocrx_word' id='word_1_131' title='bbox 720 2381 817 2444; x_wconf 85' lang='lat' dir='ltr'>certo</span> <span class='ocrx_word' id='word_1_132' title='bbox 833 2377 992 2445; x_wconf 86' lang='lat' dir='ltr'>discerni</span> <span class='ocrx_word' id='word_1_133' title='bbox 1006 2378 1218 2462; x_wconf 86' lang='lat' dir='ltr'>cogitamus,</span> <span class='ocrx_word' id='word_1_134' title='bbox 1239 2398 1351 2464; x_wconf 88' lang='lat' dir='ltr'>quam</span> <span class='ocrx_word' id='word_1_135' title='bbox 1365 2378 1448 2446; x_wconf 86' lang='lat' dir='ltr'>illas</span> 
     </span>
     <span class='ocr_line' id='line_1_18' title="bbox 268 2487 1447 2578; baseline 0.002 -24"><span class='ocrx_word' id='word_1_136' title='bbox 268 2489 419 2568; x_wconf 80' lang='lat' dir='ltr'>mari.¹⁷)</span> <span class='ocrx_word' id='word_1_137' title='bbox 462 2488 598 2554; x_wconf 84' lang='lat' dir='ltr'>Tamen</span> <span class='ocrx_word' id='word_1_138' title='bbox 625 2487 685 2554; x_wconf 89' lang='lat' dir='ltr'>hic</span> <span class='ocrx_word' id='word_1_139' title='bbox 708 2508 851 2575; x_wconf 91' lang='lat' dir='ltr'>quoque</span> <span class='ocrx_word' id='word_1_140' title='bbox 883 2488 999 2555; x_wconf 90' lang='lat' dir='ltr'>multa</span> <span class='ocrx_word' id='word_1_141' title='bbox 1021 2493 1227 2574; x_wconf 86' lang='lat' dir='ltr'>congruunt</span> <span class='ocrx_word' id='word_1_142' title='bbox 1257 2493 1447 2578; x_wconf 88' lang='lat' dir='ltr'>terraeque</span> 
     </span>
     <span class='ocr_line' id='line_1_19' title="bbox 267 2597 1444 2687; baseline 0.002 -23"><span class='ocrx_word' id='word_1_143' title='bbox 267 2597 500 2685; x_wconf 88' lang='lat' dir='ltr'>proferuntur</span> <span class='ocrx_word' id='word_1_144' title='bbox 522 2598 651 2664; x_wconf 90' lang='lat' dir='ltr'>eadem</span> <span class='ocrx_word' id='word_1_145' title='bbox 671 2597 748 2666; x_wconf 85' lang='lat' dir='ltr'>fere</span> <span class='ocrx_word' id='word_1_146' title='bbox 770 2600 871 2667; x_wconf 84' lang='lat' dir='ltr'>seria.</span> <span class='ocrx_word' id='word_1_147' title='bbox 908 2597 994 2666; x_wconf 90' lang='lat' dir='ltr'>Non</span> <span class='ocrx_word' id='word_1_148' title='bbox 1010 2599 1113 2667; x_wconf 90' lang='lat' dir='ltr'>aliter</span> <span class='ocrx_word' id='word_1_149' title='bbox 1130 2600 1174 2667; x_wconf 91' lang='lat' dir='ltr'>de</span> <span class='ocrx_word' id='word_1_150' title='bbox 1190 2603 1320 2687; x_wconf 88' lang='lat' dir='ltr'>quarta</span> <span class='ocrx_word' id='word_1_151' title='bbox 1342 2604 1444 2686; x_wconf 88' lang='lat' dir='ltr'>parte</span> 
     </span>
     <span class='ocr_line' id='line_1_20' title="bbox 266 2709 1446 2798; baseline 0.003 -23"><span class='ocrx_word' id='word_1_152' title='bbox 266 2709 506 2777; x_wconf 87' lang='lat' dir='ltr'>iudicandum</span> <span class='ocrx_word' id='word_1_153' title='bbox 528 2713 591 2792; x_wconf 89' lang='lat' dir='ltr'>est,</span> <span class='ocrx_word' id='word_1_154' title='bbox 614 2710 679 2777; x_wconf 91' lang='lat' dir='ltr'>sed</span> <span class='ocrx_word' id='word_1_155' title='bbox 701 2709 761 2779; x_wconf 91' lang='lat' dir='ltr'>hic</span> <span class='ocrx_word' id='word_1_156' title='bbox 784 2710 930 2778; x_wconf 91' lang='lat' dir='ltr'>ordines</span> <span class='ocrx_word' id='word_1_157' title='bbox 951 2712 1070 2796; x_wconf 86' lang='lat' dir='ltr'>magis</span> <span class='ocrx_word' id='word_1_158' title='bbox 1091 2711 1306 2798; x_wconf 88' lang='lat' dir='ltr'>discrepant,</span> <span class='ocrx_word' id='word_1_159' title='bbox 1328 2714 1446 2778; x_wconf 89' lang='lat' dir='ltr'>terrae</span> 
     </span>
     <span class='ocr_line' id='line_1_21' title="bbox 268 2821 1030 2888; baseline 0.004 -1"><span class='ocrx_word' id='word_1_160' title='bbox 268 2824 354 2888; x_wconf 88' lang='lat' dir='ltr'>sunt</span> <span class='ocrx_word' id='word_1_161' title='bbox 375 2821 532 2888; x_wconf 89' lang='lat' dir='ltr'>eaedem.</span> <span class='ocrx_word' id='word_1_162' title='bbox 1028 2821 1030 2824; x_wconf 76' lang='grc'><strong>’</strong></span> 
     </span>
    </p>

    <p class='ocr_par' dir='ltr' id='par_1_3' title="bbox 266 2916 1535 4573">
     <span class='ocr_line' id='line_1_22' title="bbox 352 2931 1447 3020; baseline 0.001 -22"><span class='ocrx_word' id='word_1_163' title='bbox 352 2932 505 2999; x_wconf 86' lang='lat' dir='ltr'>Accedit</span> <span class='ocrx_word' id='word_1_164' title='bbox 534 2933 661 3000; x_wconf 89' lang='lat' dir='ltr'>tertius</span> <span class='ocrx_word' id='word_1_165' title='bbox 692 2934 818 3001; x_wconf 84' lang='lat' dir='ltr'>titulus</span> <span class='ocrx_word' id='word_1_166' title='bbox 856 2937 1019 3020; x_wconf 84' lang='lat' dir='ltr'>repertus</span> <span class='ocrx_word' id='word_1_167' title='bbox 1056 2933 1105 3000; x_wconf 88' lang='lat' dir='ltr'>ad</span> <span class='ocrx_word' id='word_1_168' title='bbox 1135 2931 1346 3019; x_wconf 87' lang='lat' dir='ltr'>Persepolin</span> <span class='ocrx_word' id='word_1_169' title='bbox 1384 2935 1447 3018; x_wconf 81' lang='lat' dir='ltr'>qui</span> 
     </span>
     <span class='ocr_line' id='line_1_23' title="bbox 266 3041 1449 3131; baseline 0 -23"><span class='ocrx_word' id='word_1_170' title='bbox 266 3041 369 3110; x_wconf 88' lang='lat' dir='ltr'>locus</span> <span class='ocrx_word' id='word_1_171' title='bbox 407 3044 610 3130; x_wconf 85' lang='lat' dir='ltr'>appellatur</span> <span class='ocrx_word' id='word_1_172' title='bbox 645 3044 951 3131; x_wconf 86' lang='lat' dir='ltr'>Naqs-i-Rustam</span> <span class='ocrx_word' id='word_1_173' title='bbox 988 3045 1046 3127; x_wconf 88' lang='lat'>(=</span> <span class='ocrx_word' id='word_1_174' title='bbox 1067 3043 1178 3110; x_wconf 85' lang='lat' dir='ltr'>NRa:</span> <span class='ocrx_word' id='word_1_175' title='bbox 1212 3043 1361 3130; x_wconf 83' lang='lat' dir='ltr'>Spieg.),</span> <span class='ocrx_word' id='word_1_176' title='bbox 1385 3043 1449 3126; x_wconf 86' lang='lat' dir='ltr'>qui</span> 
     </span>
     <span class='ocr_line' id='line_1_24' title="bbox 268 3152 1447 3240; baseline -0.003 -19"><span class='ocrx_word' id='word_1_177' title='bbox 268 3155 459 3240; x_wconf 86' lang='lat' dir='ltr'>postremis</span> <span class='ocrx_word' id='word_1_178' title='bbox 491 3156 596 3221; x_wconf 87' lang='lat' dir='ltr'>annis</span> <span class='ocrx_word' id='word_1_179' title='bbox 618 3154 740 3236; x_wconf 92' lang='lat' dir='ltr'>Darei,</span> <span class='ocrx_word' id='word_1_180' title='bbox 773 3155 839 3221; x_wconf 89' lang='lat' dir='ltr'>sed</span> <span class='ocrx_word' id='word_1_181' title='bbox 869 3158 952 3220; x_wconf 90' lang='lat' dir='ltr'>ante</span> <span class='ocrx_word' id='word_1_182' title='bbox 984 3173 1147 3240; x_wconf 84' lang='lat' dir='ltr'>pugnam</span> <span class='ocrx_word' id='word_1_183' title='bbox 1177 3152 1447 3219; x_wconf 88' lang='lat' dir='ltr'>Marathoniam</span> 
     </span>
     <span class='ocr_line' id='line_1_25' title="bbox 267 3261 1446 3350; baseline -0.001 -21"><span class='ocrx_word' id='word_1_184' title='bbox 267 3265 413 3330; x_wconf 87' lang='lat' dir='ltr'>videtur</span> <span class='ocrx_word' id='word_1_185' title='bbox 434 3261 636 3349; x_wconf 87' lang='lat' dir='ltr'>insculptus</span> <span class='ocrx_word' id='word_1_186' title='bbox 660 3282 738 3330; x_wconf 88' lang='lat' dir='ltr'>esse</span> <span class='ocrx_word' id='word_1_187' title='bbox 761 3263 795 3343; x_wconf 88' lang='grc'>(1.</span> <span class='ocrx_word' id='word_1_188' title='bbox 812 3283 840 3329; x_wconf 86' lang='grc'>0.</span> <span class='ocrx_word' id='word_1_189' title='bbox 864 3283 897 3350; x_wconf 91' lang='lat' dir='ltr'>p.</span> <span class='ocrx_word' id='word_1_190' title='bbox 917 3264 1000 3346; x_wconf 76' lang='lat'>102).</span> <span class='ocrx_word' id='word_1_191' title='bbox 1041 3262 1222 3346; x_wconf 82' lang='lat' dir='ltr'>Regiones</span> <span class='ocrx_word' id='word_1_192' title='bbox 1244 3261 1313 3328; x_wconf 86' lang='lat' dir='ltr'>hoe</span> <span class='ocrx_word' id='word_1_193' title='bbox 1336 3262 1446 3328; x_wconf 90' lang='lat' dir='ltr'>modo</span> 
     </span>
     <span class='ocr_line' id='line_1_26' title="bbox 268 3371 1448 3460; baseline 0.003 -22"><span class='ocrx_word' id='word_1_194' title='bbox 268 3373 405 3458; x_wconf 85' lang='lat' dir='ltr'>profert</span> <span class='ocrx_word' id='word_1_195' title='bbox 417 3371 462 3460; x_wconf 90' lang='lat' dir='ltr'>(p.</span> <span class='ocrx_word' id='word_1_196' title='bbox 475 3374 544 3455; x_wconf 81' lang='lat'>51):</span> <span class='ocrx_word' id='word_1_197' title='bbox 570 3372 741 3457; x_wconf 87' lang='lat' dir='ltr'>Mediam,</span> <span class='ocrx_word' id='word_1_198' title='bbox 759 3373 963 3457; x_wconf 84' lang='lat' dir='ltr'>Susianam,</span> <span class='ocrx_word' id='word_1_199' title='bbox 978 3371 1177 3457; x_wconf 89' lang='lat' dir='ltr'>Parthiam,</span> <span class='ocrx_word' id='word_1_200' title='bbox 1193 3373 1332 3456; x_wconf 88' lang='lat' dir='ltr'>Ariam,</span> <span class='ocrx_word' id='word_1_201' title='bbox 1355 3371 1448 3442; x_wconf 88' lang='lat' dir='ltr'>Bac-</span> 
     </span>
     <span class='ocr_line' id='line_1_27' title="bbox 271 3482 1446 3570; baseline 0.003 -22"><span class='ocrx_word' id='word_1_202' title='bbox 271 3483 389 3566; x_wconf 90' lang='lat' dir='ltr'>triam,</span> <span class='ocrx_word' id='word_1_203' title='bbox 406 3482 639 3568; x_wconf 80' lang='lat' dir='ltr'>Sogdianam,</span> <span class='ocrx_word' id='word_1_204' title='bbox 650 3482 912 3567; x_wconf 85' lang='lat' dir='ltr'>Chorasmiam,</span> <span class='ocrx_word' id='word_1_205' title='bbox 922 3484 1184 3570; x_wconf 90' lang='lat' dir='ltr'>Drangianam,</span> <span class='ocrx_word' id='word_1_206' title='bbox 1194 3484 1446 3568; x_wconf 86' lang='lat' dir='ltr'>Arachosiam,</span> 
     </span>
     <span class='ocr_line' id='line_1_28' title="bbox 268 3593 1446 3682; baseline 0 -20"><span class='ocrx_word' id='word_1_207' title='bbox 268 3593 499 3681; x_wconf 77' lang='lat' dir='ltr'>SattagydaS,</span> <span class='ocrx_word' id='word_1_208' title='bbox 516 3593 751 3680; x_wconf 83' lang='lat' dir='ltr'>Gandariam,</span> <span class='ocrx_word' id='word_1_209' title='bbox 774 3595 929 3679; x_wconf 86' lang='lat' dir='ltr'>Indiam,</span> <span class='ocrx_word' id='word_1_210' title='bbox 950 3594 1071 3679; x_wconf 81' lang='lat' dir='ltr'>Sacae,</span> <span class='ocrx_word' id='word_1_211' title='bbox 1087 3595 1322 3682; x_wconf 89' lang='lat' dir='ltr'>Babylonem,</span> <span class='ocrx_word' id='word_1_212' title='bbox 1332 3599 1446 3681; x_wconf 89' lang='lat' dir='ltr'>Assy-</span> 
     </span>
     <span class='ocr_line' id='line_1_29' title="bbox 268 3705 1448 3793; baseline 0.001 -22"><span class='ocrx_word' id='word_1_213' title='bbox 268 3706 372 3786; x_wconf 89' lang='lat' dir='ltr'>riam,</span> <span class='ocrx_word' id='word_1_214' title='bbox 388 3705 576 3790; x_wconf 85' lang='lat' dir='ltr'>Arabiam,</span> <span class='ocrx_word' id='word_1_215' title='bbox 592 3706 809 3793; x_wconf 86' lang='lat' dir='ltr'>Aegyptum,</span> <span class='ocrx_word' id='word_1_216' title='bbox 825 3707 1049 3790; x_wconf 85' lang='lat' dir='ltr'>Armeniam,</span> <span class='ocrx_word' id='word_1_217' title='bbox 1066 3705 1346 3793; x_wconf 85' lang='lat' dir='ltr'>Cappadociam,</span> <span class='ocrx_word' id='word_1_218' title='bbox 1363 3706 1448 3775; x_wconf 85' lang='lat' dir='ltr'>Sar-</span> 
     </span>
     <span class='ocr_line' id='line_1_30' title="bbox 269 3815 1446 3902; baseline 0.001 -20"><span class='ocrx_word' id='word_1_219' title='bbox 269 3816 347 3896; x_wconf 91' lang='lat' dir='ltr'>des,</span> <span class='ocrx_word' id='word_1_220' title='bbox 383 3815 509 3899; x_wconf 82' lang='lat' dir='ltr'>JoneS,</span> <span class='ocrx_word' id='word_1_221' title='bbox 551 3816 705 3902; x_wconf 84' lang='lat' dir='ltr'>Scythas</span> <span class='ocrx_word' id='word_1_222' title='bbox 744 3817 1023 3900; x_wconf 87' lang='lat' dir='ltr'>transmarinos,</span> <span class='ocrx_word' id='word_1_223' title='bbox 1066 3816 1225 3888; x_wconf 86' lang='lat' dir='ltr'>Scudras</span> <span class='ocrx_word' id='word_1_224' title='bbox 1239 3817 1294 3900; x_wconf 79' lang='grc'><strong>(1),</strong></span> <span class='ocrx_word' id='word_1_225' title='bbox 1334 3817 1446 3884; x_wconf 89' lang='lat' dir='ltr'>Jones</span> 
     </span>
     <span class='ocr_line' id='line_1_31' title="bbox 269 3926 1445 4016; baseline 0.002 -24"><span class='ocrx_word' id='word_1_226' title='bbox 269 3926 354 4012; x_wconf 83' lang='lat' dir='ltr'>,qui</span> <span class='ocrx_word' id='word_1_227' title='bbox 377 3946 529 3993; x_wconf 86' lang='lat' dir='ltr'>coronas</span> <span class='ocrx_word' id='word_1_228' title='bbox 552 3926 701 4012; x_wconf 86' lang='lat' dir='ltr'>gerunt“</span> <span class='ocrx_word' id='word_1_229' title='bbox 727 3930 927 4016; x_wconf 86' lang='lat' dir='ltr'>sequuntur</span> <span class='ocrx_word' id='word_1_230' title='bbox 950 3928 1063 3996; x_wconf 87' lang='lat' dir='ltr'>dubia</span> <span class='ocrx_word' id='word_1_231' title='bbox 1087 3929 1235 3995; x_wconf 89' lang='lat' dir='ltr'>nomina</span> <span class='ocrx_word' id='word_1_232' title='bbox 1260 3929 1445 4013; x_wconf 90' lang='lat' dir='ltr'>quattuor:</span> 
     </span>
     <span class='ocr_line' id='line_1_32' title="bbox 269 4037 1446 4128; baseline -0.005 -19"><span class='ocrx_word' id='word_1_233' title='bbox 269 4042 415 4128; x_wconf 87' lang='lat' dir='ltr'>Putiya,</span> <span class='ocrx_word' id='word_1_234' title='bbox 459 4041 642 4125; x_wconf 88' lang='lat' dir='ltr'>Kushiya,</span> <span class='ocrx_word' id='word_1_235' title='bbox 686 4038 832 4126; x_wconf 87' lang='lat' dir='ltr'>Maciya</span> <span class='ocrx_word' id='word_1_236' title='bbox 874 4038 1004 4106; x_wconf 89' lang='lat' dir='ltr'>Karka</span> <span class='ocrx_word' id='word_1_237' title='bbox 1031 4039 1066 4119; x_wconf 78' lang='lat' dir='ltr'>(l.</span> <span class='ocrx_word' id='word_1_238' title='bbox 1096 4039 1148 4120; x_wconf 85' lang='grc'><strong>0.).</strong></span> <span class='ocrx_word' id='word_1_239' title='bbox 1209 4037 1446 4105; x_wconf 81' lang='lat' dir='ltr'>Coniecturae</span> 
     </span>
     <span class='ocr_line' id='line_1_33' title="bbox 269 4147 1446 4238; baseline -0.004 -19"><span class='ocrx_word' id='word_1_240' title='bbox 269 4154 456 4220; x_wconf 87' lang='lat' dir='ltr'>variorum</span> <span class='ocrx_word' id='word_1_241' title='bbox 483 4151 684 4238; x_wconf 85' lang='lat' dir='ltr'>Spiegelius</span> <span class='ocrx_word' id='word_1_242' title='bbox 712 4151 865 4236; x_wconf 88' lang='lat' dir='ltr'>collegit.</span> <span class='ocrx_word' id='word_1_243' title='bbox 910 4149 982 4218; x_wconf 89' lang='lat' dir='ltr'>Hic</span> <span class='ocrx_word' id='word_1_244' title='bbox 1012 4149 1127 4217; x_wconf 89' lang='lat' dir='ltr'>multo</span> <span class='ocrx_word' id='word_1_245' title='bbox 1154 4147 1333 4215; x_wconf 88' lang='lat' dir='ltr'>recentior</span> <span class='ocrx_word' id='word_1_246' title='bbox 1363 4149 1446 4215; x_wconf 88' lang='lat' dir='ltr'>titu-</span> 
     </span>
     <span class='ocr_line' id='line_1_34' title="bbox 267 4257 1449 4348; baseline -0.003 -18"><span class='ocrx_word' id='word_1_247' title='bbox 267 4264 326 4330; x_wconf 88' lang='grc'>100</span> <span class='ocrx_word' id='word_1_248' title='bbox 363 4283 537 4348; x_wconf 89' lang='lat' dir='ltr'>magnam</span> <span class='ocrx_word' id='word_1_249' title='bbox 573 4266 713 4348; x_wconf 86' lang='lat' dir='ltr'>partem</span> <span class='ocrx_word' id='word_1_250' title='bbox 749 4265 929 4329; x_wconf 88' lang='lat' dir='ltr'>terrarum</span> <span class='ocrx_word' id='word_1_251' title='bbox 961 4279 1072 4347; x_wconf 91' lang='lat' dir='ltr'>quam</span> <span class='ocrx_word' id='word_1_252' title='bbox 1111 4257 1166 4325; x_wconf 92' lang='grc'><strong>1111</strong></span> <span class='ocrx_word' id='word_1_253' title='bbox 1201 4278 1274 4325; x_wconf 92' lang='grc'>000</span> <span class='ocrx_word' id='word_1_254' title='bbox 1313 4257 1449 4326; x_wconf 89' lang='lat' dir='ltr'>habent</span> 
     </span>
     <span class='ocr_line' id='line_1_35' title="bbox 266 4370 1448 4460; baseline -0.004 -19"><span class='ocrx_word' id='word_1_255' title='bbox 266 4376 381 4443; x_wconf 86' lang='lat' dir='ltr'>affert.</span> <span class='ocrx_word' id='word_1_256' title='bbox 418 4375 561 4443; x_wconf 86' lang='lat' dir='ltr'>Eodem</span> <span class='ocrx_word' id='word_1_257' title='bbox 581 4374 753 4460; x_wconf 89' lang='lat' dir='ltr'>temporis</span> <span class='ocrx_word' id='word_1_258' title='bbox 773 4371 966 4440; x_wconf 89' lang='lat' dir='ltr'>intervallo</span> <span class='ocrx_word' id='word_1_259' title='bbox 989 4370 1234 4457; x_wconf 88' lang='lat' dir='ltr'>discrepantia</span> <span class='ocrx_word' id='word_1_260' title='bbox 1254 4371 1372 4437; x_wconf 90' lang='lat' dir='ltr'>maior</span> <span class='ocrx_word' id='word_1_261' title='bbox 1386 4389 1448 4436; x_wconf 83' lang='lat' dir='ltr'>ex-</span> 
     </span>
     <span class='ocr_line' id='line_1_36' title="bbox 267 4479 1535 4573; baseline -0.006 -21"><span class='ocrx_word' id='word_1_262' title='bbox 267 4487 399 4571; x_wconf 90' lang='lat' dir='ltr'>plicari</span> <span class='ocrx_word' id='word_1_263' title='bbox 420 4490 545 4573; x_wconf 87' lang='lat' dir='ltr'>potest,</span> <span class='ocrx_word' id='word_1_264' title='bbox 569 4505 661 4572; x_wconf 81' lang='grc'><strong>0000</strong></span> <span class='ocrx_word' id='word_1_265' title='bbox 685 4484 729 4550; x_wconf 82' lang='grc'>(10</span> <span class='ocrx_word' id='word_1_266' title='bbox 756 4484 925 4550; x_wconf 87' lang='lat' dir='ltr'>universo</span> <span class='ocrx_word' id='word_1_267' title='bbox 954 4481 1081 4548; x_wconf 87' lang='lat' dir='ltr'>ordine</span> <span class='ocrx_word' id='word_1_268' title='bbox 1111 4483 1236 4548; x_wconf 83' lang='lat' dir='ltr'>exstat.</span> <span class='ocrx_word' id='word_1_269' title='bbox 1281 4479 1380 4546; x_wconf 85' lang='lat' dir='ltr'>Nam</span> <span class='ocrx_word' id='word_1_270' title='bbox 1405 4480 1444 4546; x_wconf 94' lang='lat' dir='ltr'>in</span> <span class='ocrx_word' id='word_1_271' title='bbox 1534 4497 1535 4500; x_wconf 71' lang='grc'>’</span> 
     </span>
    </p>
   </div>
   <div class='ocr_carea' id='block_1_3' title="bbox 0 0 1756 5248">
    <p class='ocr_par' dir='ltr' id='par_1_4' title="bbox 0 0 1756 5248">
     <span class='ocr_line' id='line_1_37' title="bbox 0 0 1756 5248; baseline 0 0"><span class='ocrx_word' id='word_1_272' title='bbox 0 0 1756 5248; x_wconf 95' lang='lat' dir='ltr'> </span> 
     </span>
    </p>
   </div>
  </div>
 </body>
</html>
