3496 5248
689 532 878 594 -6-

189 716 381 800 usurpavit
403 717 438 781 et
458 716 624 782 versibus
648 717 723 783 suis
746 716 904 782 inseruit.
940 703 1189 799 Ἀμφίστροφον
1212 713 1371 800 appellat

191 825 296 891 barin
319 823 454 910 (Suppl.
473 827 546 904 849)
562 828 602 891 ut
618 826 871 912 descriptionis
888 825 1027 913 aliquid
1043 826 1077 892 ei
1098 827 1241 910 praesto
1256 824 1368 891 fuisse

191 938 365 1020 appareat
386 936 418 1001 si
440 955 513 1002 non
540 939 615 1001 tam
639 936 805 1022 copiosae
828 937 972 1018 qualem
993 934 1200 1003 Herodotus
1222 933 1369 1022 profert,

191 1047 312 1113 tamen
335 1046 422 1112 satis
446 1046 635 1114 distinctae
650 1046 757 1128 (Her.
780 1047 903 1129 1196).

277 1172 436 1241 Dielsius
453 1175 486 1255 (l.
505 1175 548 1257 c.)
571 1174 736 1243 fabulam
759 1176 803 1244 de
817 1175 960 1244 Helena
980 1177 1018 1242 in
1035 1175 1200 1261 Aegypto
1224 1175 1370 1241 detenta

190 1284 294 1352 illam
319 1286 393 1352 iam
424 1285 470 1352 ab
493 1285 676 1354 Hecataeo
707 1290 894 1354 narratam
925 1307 1003 1354 esse
1035 1286 1150 1367 docet,
1183 1286 1284 1353 cuius
1316 1285 1370 1351 rei

189 1396 306 1463 multa
328 1416 373 1463 ex
394 1396 607 1482 fragmentis
630 1398 707 1464 eius
730 1399 935 1465 testimonia
962 1397 1074 1478 affert,
1106 1397 1200 1464 inter
1223 1395 1296 1463 alia
1315 1388 1368 1458 τό-

189 1528 255 1570 πον
278 1500 424 1584 ἑλένειον,
458 1509 521 1594 qui
543 1503 621 1588 περὶ
641 1507 689 1592 τῷ
710 1505 858 1592 Κανώβῳ
890 1510 979 1575 situs
1007 1510 1053 1575 sit
1084 1507 1138 1588 (fr.
1163 1507 1248 1589 288).
1295 1505 1367 1575 Sed

189 1617 306 1701 facile,
328 1619 367 1685 ni
388 1618 505 1702 fallor,
528 1618 609 1686 fieri
630 1622 771 1705 poterat
791 1622 832 1685 ut
854 1618 1090 1687 similitudine
1105 1617 1371 1686 vocabulorum

190 1727 351 1796 Helenae
373 1749 507 1796 nomen
530 1733 565 1796 et
592 1749 654 1796 eae
686 1749 804 1812 voces,
836 1750 928 1816 quae
959 1749 1045 1797 cum
1075 1725 1146 1804 ἕλος
1178 1748 1370 1813 compone·

191 1841 332 1923 bantur,
361 1840 676 1908 confunderentur.
723 1839 808 1908 Sive
832 1839 964 1908 Graeci
995 1841 1058 1927 qui
1088 1840 1255 1925 regiones
1286 1837 1369 1906 illas

189 1951 347 2038 Aegypti
368 1952 584 2034 incolebant,
608 1951 787 2019 Helenam
803 1951 1034 2034 adhibebant,
1056 1951 1270 2036 praesertim
1285 1969 1371 2017 cum

190 2061 379 2129 crederent
410 2081 490 2128 eam
526 2062 579 2129 ibi
609 2068 791 2128 versatam
823 2081 915 2144 esse,
947 2062 1023 2128 sive
1055 2059 1259 2127 Hecataeus
1290 2059 1369 2146 ipse

189 2191 289 2239 more
312 2192 377 2237 suo
401 2173 525 2238 critico
550 2172 594 2238 de
616 2173 720 2257 verbi
742 2173 851 2258 stirpe
875 2172 1053 2254 disseruit,
1086 2171 1369 2238 consentaneum

188 2286 243 2348 est
279 2282 438 2349 discerni
473 2304 546 2348 non
582 2303 697 2370 posse.
752 2282 824 2352 Sed
859 2282 950 2349 tales
987 2301 1095 2350 voces
1133 2279 1367 2368 contemplati

189 2387 368 2478 ἑλειογένης
394 2386 575 2474 ἑλειονόμος
606 2390 707 2468 ἕλειος
738 2387 857 2457 ἑλένιον
888 2394 1031 2480 aliaque
1054 2411 1126 2459 non
1159 2390 1368 2473 dubitarim,

189 2504 277 2583 quin
298 2503 369 2570 tale
393 2505 479 2585 quid
500 2504 580 2572 fieri
601 2506 765 2591 potuerit.
811 2504 1028 2572 Affirmatur
1049 2503 1116 2570 vel
1139 2505 1258 2589 potius
1291 2505 1372 2569 orta

188 2616 243 2680 est
268 2613 547 2701 haec'suspicio
571 2636 616 2682 ex
637 2616 717 2683 loco
750 2615 909 2700 quodam
936 2614 1140 2698 Aeschyleo
1173 2634 1244 2700 quo
1276 2613 1371 2680 ludit

187 2725 324 2790 mirum
345 2725 383 2791 in
405 2725 556 2791 modum
580 2725 618 2791 in
640 2723 802 2791 Helenae
824 2726 979 2792 nomine.
1024 2723 1069 2790 In
1090 2725 1368 2807 Agamemnone

187 2834 344 2919 legimus
365 2835 436 2901 hoc
459 2835 535 2916 (664
558 2835 650 2921 sqq.)

499 2991 559 3060 τὰν
581 2991 799 3080 δορίγαμβρον
821 2987 971 3080 ἀμφινει·
1003 3078 1009 3092 ⁸

496 3108 538 3193 κῆ
559 3097 598 3171 θ’
620 3099 763 3172 Ἑλέναν·
786 3103 861 3172 ἐπεὶ
883 3103 1074 3190 πρεπόντως

496 3213 626 3295 ἓλέναυς
647 3214 802 3303 ἕλανδρος
824 3212 995 3293 ἓλέπνολις

499 3366 541 3377 -
565 3365 608 3377 -
629 3367 672 3375 —-
694 3323 838 3393 ἔπλευσε.

271 3473 418 3559 Ἔλέναυς
449 3486 525 3552 sive
557 3485 680 3552 dorice
711 3505 796 3552 cum
827 3484 907 3551 aliis
940 3484 1115 3568 scriptum
1134 3469 1264 3555 Ἑλένας
1295 3499 1369 3545 non

188 3595 375 3662 dissimilis
399 3600 453 3662 est
473 3595 529 3662 1111
552 3589 695 3670 liberor.
734 3595 860 3681 ltaque
877 3594 1123 3660 coniecturam
1144 3590 1369 3678 periclitatus

189 3708 269 3790 sim,
302 3707 401 3793 apud
422 3705 647 3773 Hecataeum
677 3705 799 3791 aliquo
830 3704 939 3771 modo
967 3704 1013 3771 de
1043 3702 1200 3769 nominis
1232 3695 1369 3775 ἓλένειος

187 3810 294 3893 τόπος
317 3817 455 3903 origine
479 3836 706 3903 quocumque
730 3817 810 3882 loco
834 3815 1029 3882 dissertum
1059 3831 1136 3880 esse
1167 3831 1368 3898 vocemque

188 3928 293 3996 illam
316 3948 400 3996 curn
421 3926 582 3994 Helenae
603 3927 749 3993 nomine
773 3946 838 4012 per
869 3925 1107 4010 etymologiae
1129 3923 1370 3990 temeritatem

189 4039 423 4106 coniunctam
446 4057 532 4106 esse.
570 4035 682 4105 Cuius
705 4036 850 4103 artificii
871 4036 1086 4102 memoriam
1108 4032 1291 4120 Aeschylo
1313 4035 1369 4100 in-

190 4149 411 4218 haesissem
435 4148 616 4235 choroque
638 4146 701 4214 illo
730 4146 774 4214 de
796 4145 938 4213 Helena
960 4144 1223 4213 conscribendo
1246 4145 1369 4211 animo

189 4261 267 4328 eius
283 4260 513 4328 obversatam
528 4279 605 4328 esse
627 4261 723 4346 puto.
762 4257 846 4324 Nou
862 4256 1048 4323 dissimilis
1070 4257 1261 4323 nominum
1284 4275 1368 4322 con-

189 4371 284 4439 fusio
308 4371 448 4453 accidit,
473 4391 557 4438 cum
571 4369 704 4438 Thonis
727 4371 815 4437 urbs
839 4367 887 4435 ad
902 4368 1035 4434 ostium
1049 4367 1126 4435 Nili
1142 4365 1369 4434 Canobicum

189 4482 260 4548 sita
282 4501 366 4547 cum
391 4480 512 4548 Thone
535 4482 597 4566 qui
624 4481 662 4546 in
693 4479 856 4565 Odyssea
878 4477 910 4561 (6
932 4481 1008 4559 228)
1039 4481 1101 4561 est,
1133 4478 1184 4545 ita
1216 4475 1366 4544 coufun-
