3496 5248
722 548 910 606 „2-

226 735 284 798 rat
313 731 394 813 iter,
427 749 595 799 reversus
613 731 811 816 -Rhodum,
845 731 1016 814 Cnidum,
1049 729 1211 817 Cyprum
1241 729 1409 818 proferat.

226 841 345 910 Urbes
370 843 469 930 ipsas
491 842 528 908 in
556 840 627 909 hac
648 842 771 909 insula
797 843 884 910 sitas
907 840 1089 930 Paphum,
1113 839 1232 925 Solos,
1256 839 1411 910 Salami-

226 973 311 1020 nem
334 951 461 1020 eodem
484 951 595 1019 ductu
619 952 833 1037 dinumerat,
858 973 929 1040 quo
951 951 1150 1039 procedens
1174 953 1220 1019 ab
1244 951 1410 1020 anfractu

227 1063 343 1129 litoris
369 1061 523 1131 Asiatici
550 1063 726 1130 orientem
750 1083 879 1130 versus
905 1062 1052 1150 prodire
1079 1063 1291 1130 instituerat.
1337 1061 1410 1132 Sed

228 1172 431 1240 testimonio
453 1193 567 1259 paene
590 1194 680 1260 opus
696 1194 769 1241 non
793 1174 924 1241 eratin
945 1194 984 1241 re
1008 1174 1069 1240 vix
1092 1172 1213 1256 dubia,
1237 1173 1408 1260 quoniam

226 1286 354 1350 notum‘
380 1285 447 1366 est,
477 1283 575 1351 illius
607 1285 734 1351 aetatis
770 1282 937 1351 homines
969 1286 1004 1351 et
1035 1303 1058 1350 a
1088 1282 1256 1351 fabulosa
1286 1285 1408 1370 poeta-

228 1414 311 1461 rum
331 1396 366 1460 et
384 1392 636 1479 theologorum
657 1394 930 1480 vaniloquentia
951 1392 1185 1462 abhorruisse
1208 1396 1243 1461 et
1263 1394 1409 1460 veritati

227 1523 394 1572 meracae
426 1503 694 1590 dignoscendae
725 1503 834 1571 valde
860 1503 971 1571 fuisse
1004 1503 1153 1571 deditos.
1204 1503 1248 1571 Id
1279 1502 1410 1571 docent

227 1615 399 1682 itinerum
432 1613 704 1702 descriptiones,
717 1612 742 1698 ¹)
772 1613 897 1681 multis
919 1613 1094 1701 Aeschyli
1123 1614 1258 1683 fabulis
1280 1614 1410 1682 insitae

228 1725 358 1792 docent
386 1723 696 1811 logographorum
720 1744 845 1811 opera,
878 1725 1009 1792 docent
1030 1724 1229 1810 lyricorum
1252 1744 1411 1810 quorun·

227 1834 314 1901 dam
336 1833 375 1900 in
395 1833 530 1900 fabulis
553 1834 734 1902 veteribus
756 1835 889 1902 rationi
911 1834 1128 1921 adaptandis
1151 1834 1280 1901 studia.
1326 1898 1332 1914 ,

314 1943 395 2024 Qua
426 1944 470 2012 de
506 1963 617 2011 causa
647 1946 920 2034 provinciarum
955 1945 1163 2028 catalogum
1193 1965 1239 2011 ex
1269 1945 1411 2030 integro

227 2057 302 2123 iam
324 2055 573 2142 inspiciemus,
602 2057 633 2123 si
653 2055 745 2124 forte
767 2056 945 2123 rationem
967 2055 1152 2142 quandam
1179 2055 1344 2121 locorum
1366 2074 1411 2121 ex

227 2166 409 2252 indigesta
430 2166 619 2233 nominum
634 2166 730 2234 mole
752 2167 932 2254 possimus
948 2167 1135 2233 extricare.
1172 2164 1229 2232 Ac
1250 2164 1410 2250 primum

229 2276 378 2344 affertur
393 2274 558 2359 Susiana,
582 2277 713 2346 deinde
728 2277 862 2362 Media,
884 2281 971 2345 tunc
993 2277 1135 2345 Arabia
1155 2274 1412 2362 praetermissa

227 2389 417 2474 Aegyptus
450 2387 502 2453 ita
534 2388 695 2473 quidem,
722 2392 763 2454 ut
793 2390 840 2455 ab
869 2389 959 2455 ostio
982 2387 1088 2470 Nili'2)
1122 2383 1310 2473 Memphin
1334 2385 1410 2467 (37),

227 2497 313 2565 inde
327 2495 468 2565 Thebas
490 2498 710 2584 procedatur
733 2500 809 2582 (39).
846 2499 946 2566 Tunc
968 2501 1075 2586 poeta
1095 2502 1191 2566 retro
1215 2514 1413 2565 conversus

230 2607 279 2674 ad
301 2606 399 2674 delta
419 2607 527 2692 redit,
555 2608 659 2675 cuius
681 2609 833 2695 paludes
857 2613 1118 2677 commemorat
1140 2608 1222 2692 (40),
1246 2613 1286 2676 ut
1308 2630 1415 2681 accu-

229 2718 343 2785 ratius
364 2715 432 2783 hos
454 2717 554 2784 locos
578 2716 742 2803 digerere
757 2738 829 2784 non
852 2722 982 2804 posset,
1006 2719 1037 2784 si
1058 2719 1135 2803 ipse
1154 2718 1282 2786 Nilum
1304 2723 1415 2790 vidis-

230 2830 292 2895 set.
336 2827 417 2894 Iam
443 2848 529 2894 vero
563 2847 629 2914 per
658 2848 760 2894 mare
789 2828 894 2914 quasi
923 2829 961 2894 in
983 2826 1113 2893 Asiam
1139 2831 1270 2896 transit
1297 2831 1415 2899 affert-

231 2958 301 3026 que
324 2941 393 3018 (42)
415 2936 554 3024 Lydos
578 2936 676 3024 apud
698 2956 789 3024 quos
810 2937 964 3004 libenter
985 2937 1122 3003 morari
1144 2937 1302 3022 videtur,
1330 2961 1414 3031 cum

230 3049 378 3118 uberior
414 3049 461 3117 sit
498 3047 542 3115 de
580 3048 727 3116 sedibus
758 3067 885 3116 eorum
919 3067 987 3114 nec
1023 3047 1115 3114 fines
1153 3068 1242 3116 auro
1281 3049 1413 3119 ditissi-

230 3179 310 3227 mos
340 3160 453 3227 maris
487 3159 596 3226 undis
626 3159 704 3226 ulla
733 3161 835 3245 parte
862 3158 976 3225 lambi
1003 3158 1197 3226 contendat
1228 3159 1415 3248 Tmolique

232 3291 305 3338 non
321 3269 556 3338 obliviscatur
572 3269 609 3352 (l.
627 3269 680 3353 c).
718 3267 843 3355 Mysos
860 3268 1027 3354 adiungit
1045 3260 1236 3336 hastarum
1250 3271 1348 3338 iactu
1361 3273 1416 3339 in-

233 3378 362 3464 signes
378 3380 469 3472 (54).Δ
495 3379 595 3448 Tunc
618 3383 739 3446 autem
753 3379 877 3446 multis
892 3379 1035 3466 populis
1057 3380 1271 3448 intermissis
1295 3383 1417 3449 statim

233 3490 460 3577 Babylonem
490 3493 663 3558 nominat.
707 3490 751 3557 In
781 3490 854 3556 fine
884 3483 1129 3574 μαχαιροφόρον
1160 3488 1250 3574 γένος
1276 3513 1320 3560 ex
1342 3496 1418 3560 tola

233 3601 325 3668 Asia
346 3619 470 3686 regem
493 3604 657 3668 secutum
678 3600 814 3687 profert
836 3600 914 3683 (58).
959 3599 1136 3668 Videmus
1163 3621 1237 3668 non
1260 3601 1416 3670 defuisse

233 3714 360 3799 poetae
382 3712 421 3778 in
443 3711 585 3798 populis
601 3710 815 3778 ordinandis
838 3713 978 3778 certum
1000 3711 1201 3778 consilium.
1240 3711 1418 3799 Bipartito

235 3823 333 3890 enim
363 3841 517 3908 regnum
539 3820 736 3889 Persarum
767 3820 951 3905 describit,
984 3820 1247 3889 occidentalem
1276 3827 1419 3911 partem

235 3933 337 4021 prius
363 3935 399 4000 et
424 3935 465 3999 ut
486 3932 556 4000 sibi
579 3929 719 4000 Graeco
746 3930 889 3999 homini
909 3932 1101 4016 notiorem,
1130 3934 1335 4001 accuratius
1359 3954 1419 4002 ex-

235 4045 372 4131 primit,
400 4045 452 4110 ita
473 4047 513 4109 ut
536 4063 558 4110 a
579 4042 730 4110 meridie
753 4041 802 4109 ad
825 4045 1103 4128 septentrionem
1126 4044 1310 4130 procedat,
1333 4047 1418 4111 tune

238 4155 450 4222 orientalem
471 4155 576 4240 regni
596 4156 737 4242 partem
759 4173 902 4220 omnem
925 4174 997 4220 uno
1021 4155 1132 4221 verbo
1156 4156 1310 4240 stringit.

322 4265 367 4332 In
392 4265 462 4332 hoc
489 4265 615 4333 ordine
637 4265 815 4331 miramur
837 4285 903 4332 cur
924 4267 1030 4350 poeta
1052 4263 1155 4334 Susis
1184 4266 1359 4333 oriundus
1381 4266 1419 4330 in

241 4376 414 4443 adversas
441 4376 608 4460 regiones
635 4375 691 4442 bis
718 4374 871 4461 prodeat
896 4395 963 4442 nec
984 4375 1160 4462 incipiens
1185 4377 1231 4443 ab
1254 4394 1326 4441 uno
1348 4374 1421 4440 fine

242 4487 293 4551 sic
317 4489 432 4552 totum
454 4505 608 4570 regnum
630 4505 745 4571 usque
775 4485 820 4550 ad
845 4487 1066 4552 contrarium
1089 4487 1282 4553 terminum
1305 4489 1421 4551 trans-
