3496 5248
774 545 983 605 „12-

287 728 358 796 hoc
381 729 428 796 ab
452 731 533 796 ortu
555 728 642 796 solis
665 729 715 796 ad
737 747 908 796 occasum
929 728 1101 815 pergitur.
1146 725 1317 794 Ceterum
1338 727 1377 793 in
1397 727 1470 792 sin·

289 835 386 922 gulis
408 839 572 926 partibus
595 838 684 925 ipsis
707 839 843 906 mirum
863 839 902 905 in
924 837 1076 905 modum
1098 837 1129 906 B
1154 840 1190 905 et
1212 836 1243 905 P
1270 857 1355 904 cum
1376 835 1473 904 NRa

289 952 502 1034 congruunt.
537 949 573 1016 A
587 948 707 1017 Medis
729 951 765 1016 et
780 948 944 1017 Susianis
968 948 1169 1016 ordiuntur.
1186 947 1238 1032 (in
1253 947 1284 1015 B
1306 950 1347 1014 ut
1368 946 1469 1013 vide-

286 1078 412 1127 ramus
433 1058 559 1127 Media
581 1059 762 1127 secundae
791 1060 886 1146 parti
912 1060 1120 1146 praeposita
1141 1061 1216 1140 est).
1260 1058 1352 1125 Tum
1373 1055 1469 1125 NRa

286 1169 452 1255 regiones
475 1172 575 1237 trans
591 1168 872 1257 Paropamisum
887 1174 922 1237 et
937 1171 989 1238 cis
1012 1172 1100 1237 sitas
1116 1170 1263 1238 easdem
1285 1170 1359 1238 fere
1377 1188 1473 1256 quas

285 1279 341 1348 1111
367 1279 524 1367 praebet.
570 1279 631 1347 Ad
664 1281 889 1349 occidentem
920 1301 1116 1348 conversus
1144 1281 1369 1366 Babylonem
1395 1281 1470 1366 pri-

285 1410 387 1459 mum
408 1391 581 1476 nominat,
612 1394 699 1458 tunc
732 1391 959 1459 omniafere
990 1412 1062 1479 quo
1094 1411 1207 1478 supra
1228 1391 1386 1459 vidimus
1410 1411 1467 1457 or-

287 1501 371 1570 dine
399 1504 590 1590 componit,
628 1503 667 1569 in
693 1502 786 1570 Asia
822 1503 986 1570 citeriore
1022 1506 1144 1569 tamen
1182 1505 1217 1568 et
1251 1502 1291 1568 111
1320 1501 1472 1587 Europa

284 1613 408 1700 plures
423 1614 577 1699 populos
593 1612 707 1697 affert,
731 1633 842 1700 quam
858 1613 1047 1700 superiora
1061 1616 1305 1680 monumenta.
1334 1609 1471 1678 Omnes
1535 1687 1537 1691 Α

284 1724 396 1809 igitur
419 1722 615 1792 Susianam
636 1725 755 1811 primo
777 1723 837 1791 vel
863 1723 1022 1791 secundo
1045 1723 1127 1790 loco
1149 1724 1348 1805 nominant,
1377 1723 1472 1789 sicut

284 1833 500 1920 Aeschylus.
545 1833 752 1920 Apponitur
774 1833 899 1901 Media
926 1832 1090 1920 quamB
1119 1832 1219 1900 solus
1241 1835 1366 1920 postea
1387 1853 1472 1919 pro-w

285 1943 363 2010 fert.
408 1943 613 2029 Aeschylus
645 1963 788 2031 quoque
820 1943 1017 2028 Agbatana
1048 1943 1208 2010 seeundo
1245 1943 1326 2010 1000
1358 1943 1471 2029 ponit.

288 2052 320 2121 P
341 2053 440 2120 solus
463 2053 650 2139 Sagantios
673 2053 792 2138 habet,
815 2057 894 2121 tum
917 2073 1042 2121 omnes
1064 2053 1229 2120 Parthos.

369 2188 467 2256 InB
494 2192 529 2257 et
550 2188 581 2257 P
609 2191 771 2277 sequitur
791 2190 1020 2276 Drangiane,
1048 2210 1160 2276 quam
1185 2188 1280 2257 NRa
1306 2188 1472 2272 collocat,

285 2300 350 2367 ubi
377 2301 507 2367 transit
533 2300 582 2367 ad
613 2301 876 2369 occidentalem
901 2303 1054 2388 partem.
1107 2299 1367 2387 Paropamisos
1397 2298 1474 2365 illis

284 2411 375 2478 10010
405 2410 526 2477 minus
558 2411 630 2478 alte
662 2415 696 2478 et
728 2412 880 2499 abrupte
908 2411 1076 2495 00101111,
1107 2415 1148 2477 11
1177 2410 1268 2477 fines
1290 2412 1472 2476 terrarum

285 2520 490 2606 complures
521 2523 560 2588 in
586 2522 715 2588 modos
742 2523 795 2590 ibi
821 2522 1013 2610 disponere
1034 2521 1167 2589 liceret.
1212 2519 1329 2589 Porro
1352 2521 1472 2588 conci-

286 2634 378 2698 nunt
409 2650 534 2698 omnes
565 2632 604 2699 in
636 2631 785 2699 Bactria
816 2631 1016 2716 Sogdiana,
1049 2631 1279 2716 Chorasmia,
1311 2603 1476 2697 B'solus

286 2739 541 2809 Chorasmiam
572 2742 645 2809 illis
677 2743 821 2810 duabus
849 2745 1042 2830 anteponit.
1052 2744 1089 2821 ¹⁸)
1135 2741 1174 2810 Si
1199 2742 1364 2809 iudicare
1390 2741 1477 2808 11001

287 2872 332 2918 ex
362 2850 431 2936 1110,
462 2852 582 2920 100010
612 2873 687 2920 101
717 2854 926 2940 poterimus
959 2853 1046 2939 quin
1078 2871 1308 2918 communem
1337 2851 1474 2917 iontem

287 2961 403 3030 tribus
425 2961 484 3029 his
505 2962 640 3031 tabulis
661 2963 774 3030 fuisse
793 2966 1008 3054 statuamus.

374 3098 418 3166 In
433 3097 528 3166 NRa
548 3099 660 3184 igitur
675 3099 891 3183 Drangiane
911 3099 1115 3185 insequenti
1129 3099 1225 3185 parti
1246 3098 1474 3164 transitionis

287 3228 400 3276 causa
429 3210 679 3296 praeponitur,
713 3229 785 3296 qua
816 3209 983 3293 regiones
1007 3209 1059 3276 cis
1081 3207 1360 3295 Paropamisum
1383 3209 1475 3274 sitae

291 3321 530 3387 continentur.
574 3319 716 3387 Deinde
749 3318 794 3386 de
825 3320 932 3386 terris
960 3338 1051 3406 quas
1076 3319 1232 3386 affertmt
1253 3336 1378 3385 omnes
1400 3317 1477 3384 fere

291 3431 496 3514 concinunt,
520 3430 565 3498 de
589 3431 716 3497 ordine
737 3450 812 3496 non
833 3430 942 3516 plane
965 3429 1220 3512 concinunt.¹⁹)

375 3575 476 3644 Tunc
499 3575 548 3642 ad
571 3575 795 3643 occidentem
817 3576 1002 3658 transitur,
1025 3575 1089 3642 ubi
1108 3578 1181 3642 tres
1200 3573 1347 3641 tabulae
1362 3591 1475 3639 unam

289 3686 364 3754 fere
396 3686 554 3773 speciem
586 3687 769 3772 praebent.
824 3683 962 3766 Quarta
994 3705 1137 3772 quoque
1170 3684 1214 3752 de
1244 3686 1366 3770 parte,
1402 3702 1479 3769 qua

291 3800 416 3882 gentes
438 3797 550 3863 Asiae
573 3797 750 3864 citerioris
773 3797 974 3864 afferuntur
996 3795 1193 3881 singularis
1213 3795 1377 3862 omnium
1392 3814 1476 3861 eon-

294 3927 422 3975 sensus
444 3909 552 3991 extat,
569 3907 601 3973 si
616 3907 860 3989 concedimus
884 3907 1049 3974 ordinem
1065 3925 1173 3993 quem
1187 3904 1218 3972 B
1233 3906 1345 3973 habet
1366 3924 1477 3991 supra

294 4017 391 4086 dieto
414 4017 540 4085 ordine
563 4016 821 4100 corrigendum
845 4017 985 4100 esse.²⁰)

376 4153 421 4221 In
448 4153 617 4221 omnibus
639 4170 795 4238 regnum
820 4153 872 4219 ita
895 4153 1054 4221 divisum
1075 4152 1233 4235 videtur,
1260 4157 1301 4218 ut
1321 4154 1360 4219 in
1382 4151 1476 4217 0001-

291 4262 476 4331 dentalem
491 4265 527 4331 et
541 4263 754 4331 orientalem
768 4268 910 4350 partem
926 4263 1127 4331 dirimatur.
1164 4262 1308 4330 Harum
1322 4264 1476 4346 utraque

291 4373 468 4442 dividitur
488 4375 621 4442 iterum
643 4375 719 4442 sive
741 4375 836 4442 mari
858 4376 934 4442 sive
955 4378 1086 4443 monte.
1124 4374 1233 4441 Tituli
1251 4372 1474 4459 antiquiores

290 4483 363 4550 duo
394 4485 496 4570 prius
529 4485 791 4553 occidentalem
819 4488 962 4572 partem
993 4485 1216 4567 describunt,
1251 4483 1474 4551 novissimus
