3496 5248
815 513 1025 576 ..31-

331 700 421 767 sitae
453 699 658 768 accuratius
691 697 852 782 digestae
882 697 1075 764 videantur
1106 717 1217 784 quam
1246 718 1339 784 quae
1362 700 1408 767 ab
1432 703 1513 767 ortu

335 809 430 876 solis.

420 944 461 1026 ¹⁸)
484 943 583 1011 Ordo
606 964 715 1030 quem
737 942 768 1010 P
790 946 825 1010 et
846 941 940 1010 NRa
968 942 1140 1012 exhibent
1169 947 1287 1028 magis
1315 945 1362 1012 ad
1388 965 1512 1013 rerum

331 1057 520 1123 veritatem
551 1054 847 1129 accommodatus
878 1053 1036 1135 videtum
1068 1056 1190 1141 itaque
1221 1057 1436 1141 posteriores
1458 1057 1515 1123 in-

332 1166 544 1252 scriptiones
566 1165 704 1233 maiore
727 1185 816 1233 eura
837 1166 873 1233 et
895 1164 1063 1232 doctrina
1084 1168 1254 1232 exaratae
1277 1171 1369 1232 sunt.

419 1313 456 1390 19)
478 1309 632 1377 InitioP
653 1313 688 1377 et
703 1308 796 1376 NRa
818 1310 889 1377 sibi
907 1309 1098 1377 similiores
1123 1314 1215 1393 sunt,
1238 1309 1332 1378 NRa
1347 1310 1512 1379 Aracho-

331 1422 404 1489 sios
431 1423 466 1488 et
488 1419 707 1506 Sattagydas
734 1421 852 1506 primo
876 1419 971 1502 loco,
999 1419 1031 1486 P
1053 1421 1234 1488 contrario
1258 1421 1385 1489 ordine
1406 1423 1511 1490 tertio

331 1536 367 1599 et
397 1533 526 1618 quarto
562 1531 642 1598 loeo
678 1531 787 1617 ponit
838 1529 934 1598 Dein
967 1529 1172 1598 Gandarios
1204 1534 1238 1598 et
1268 1531 1380 1600 Indos
1411 1534 1515 1600 varia

332 1641 481 1730 quidem
512 1643 604 1708 serie
634 1642 818 1728 praebent.
867 1640 898 1708 B
930 1662 1016 1708 vero
1049 1640 1255 1710 Gandarios
1285 1644 1403 1730 primo
1433 1644 1514 1713 loco

334 1753 502 1836 collocat,
533 1752 644 1820 Indos
674 1772 824 1839 prorsus
853 1753 992 1820 omittit.
1037 1751 1137 1820 Tunc
1158 1751 1190 1819 P
1211 1756 1247 1821 et
1267 1753 1363 1821 NRa
1382 1756 1515 1822 iterum

332 1865 370 1931 in
386 1862 489 1933 Sacis
512 1865 717 1946 concinunt,
741 1883 897 1950 quorum
917 1863 1010 1930 duas
1032 1866 1157 1948 gentes
1173 1862 1266 1930 NRa
1281 1863 1398 1931 refert.
1435 1863 1513 1932 Hos
1546 1866 1549 1871 ’

333 1974 539 2042 Bsecundo
562 1974 642 2042 loco
665 1975 925 2042 nominaverat.
965 1974 1008 2042 In
1031 1974 1103 2042 fine
1126 1974 1274 2043 demum
1297 1975 1512 2062 discrepant,

331 2105 417 2152 nam
438 2084 533 2152 NRa
555 2084 669 2152 Maka
691 2106 764 2153 non
785 2084 905 2169 habet,
929 2105 1020 2172 quos
1043 2084 1074 2152 B
1097 2088 1132 2152 et
1153 2084 1193 2154 P.
1235 2085 1365 2154 Eluoet
1386 2085 1515 2154 Ptitu-

329 2195 408 2263 lum
429 2198 524 2264 inter
541 2196 576 2294 ΙΒ
599 2200 634 2263 et
655 2195 750 2263 NRa
770 2196 933 2268 medium
955 2196 1030 2264 fere
1057 2197 1179 2265 locum
1202 2202 1337 2280 tenere,
1365 2200 1514 2285 propius

334 2311 455 2374 autem
478 2307 527 2373 ad
549 2305 643 2373 NRa
665 2306 848 2374 accedere.

418 2451 457 2533 ²⁰)
481 2450 590 2518 Omni
611 2452 686 2519 iere
708 2452 847 2519 ratione
870 2455 970 2524 caret
992 2455 1055 2539 qui
1082 2473 1180 2521 nunc
1203 2454 1384 2541 profertur
1411 2454 1510 2538 ordo,

334 2561 398 2628 sed
428 2561 614 2628 levissima
643 2562 709 2628 illa
743 2563 994 2631 emendatione
1024 2562 1163 2630 tolIitur
1200 2566 1317 2631 omnis
1355 2565 1512 2632 offensio.

333 2669 469 2752 Quidni
491 2671 549 2738 vel
572 2673 634 2759 qui
660 2673 824 2741 tabulam
852 2674 1055 2760 composuit
1076 2674 1136 2741 vel
1158 2675 1222 2761 qui
1243 2694 1332 2741 saxo
1354 2676 1513 2761 insculp-

335 2784 382 2849 sit
405 2784 535 2850 errarit
558 2783 613 2864 (cf.
638 2785 720 2851 adn.
755 2785 827 2867 lep
863 2785 908 2853 In
932 2783 1082 2853 Graecis
1111 2784 1225 2852 titulis
1251 2806 1349 2853 nunc
1372 2805 1514 2872 quoque

332 2893 423 2960 talos
446 2893 520 2960 stili
538 2894 662 2981 lapsus
684 2895 1013 2983 deprehenduntur.
1051 2896 1276 2964 Emendatus
1291 2897 1403 2982 igitur
1418 2895 1514 2964 ordi-

337 3024 426 3070 num
448 3003 507 3073 hic
531 3007 585 3072 est
607 3009 818 3074 concentus:

488 3148 528 3214 B.
898 3148 937 3214 P.
1259 3149 1361 3215 NRa.

422 3256 546 3324 Media
891 3293 929 3302 —
1291 3297 1332 3304 -

422 3367 600 3434 Armenia
826 3368 1005 3436 Armenia
1209 3370 1385 3437 Armenia

424 3476 657 3564 Cappadocia
822 3477 1054 3566 Cappadocia
1209 3479 1441 3568 Cappadocia

424 3587 558 3658 Sardes
824 3589 956 3659 Sardes
1212 3591 1344 3660 Sardes

422 3700 527 3767 Ionia
821 3698 951 3768 Graeci
1211 3701 1366 3789 Scythae

751 3810 1029 3989 {Jclpntinentales
1253 3814 1344 3896 (etc.)

773 3921 779 3935 '
809 3922 929 3988 sulani

425 4066 468 4149 ²¹)
491 4065 543 4134 Cf.
567 4067 657 4133 Xen.
683 4065 815 4154 Cyrop.
832 4064 924 4134 VIII
945 4072 973 4149 2,
993 4071 1041 4134 10.
1075 4066 1264 4153 'Aristopn
1289 4067 1448 4135 Acharn.
1470 4072 1519 4152 94,

339 4176 426 4244 Her.
450 4177 469 4243 I
494 4181 563 4244 100.

428 4323 468 4401 2²)
492 4321 683 4387 Aufsaetze
706 4343 770 4388 zur
792 4320 1001 4407 persisohen
1024 4319 1242 4389 Geschichte
1265 4342 1298 4408 p.
1325 4324 1366 4389 34
1389 4322 1471 4389 adn.
1493 4324 1521 4390 1.

428 4466 467 4547 ²³)
497 4465 565 4532 DIe
595 4464 778 4551 persische
810 4465 1088 4548 Konigsstrasse
1121 4465 1237 4533 durch
1265 4466 1519 4550 Vorderasien,
