3496 5248
768 539 977 602 -18..

280 717 380 786 ἔθνεα
402 718 444 786 τὰ
467 721 503 786 ἐκ
524 723 582 810 τῆς
602 717 742 809 ἒρυθρῆς
763 717 939 810 θαλάσσης
961 716 1120 806 ἑπόμενα,
1148 717 1253 810 νήσων
1276 722 1312 788 δὲ
1333 721 1366 788 ἐν
1387 726 1462 812 τῇσι

278 831 354 912 τοὺς
375 825 609 908 ἀνασπάστους
626 829 838 916 καλεομένους
852 830 1031 914 κατοικίζει
1045 832 1207 917 βασιλεύς.
1247 835 1317 917 Qui
1332 838 1460 906 vorbo-

280 967 365 1014 rum
388 949 582 1016 concentus
610 947 697 1012 satis
725 946 937 1032 comprobat
959 946 1086 1014 eodem
1109 967 1153 1014 ex
1175 947 1274 1014 fonte
1296 947 1460 1015 tabulam

280 1061 471 1144 utramque
497 1055 667 1124 haustam
696 1075 773 1123 esse
799 1076 868 1124 nec
896 1056 1048 1125 dubium
1070 1057 1189 1125 videri
1209 1060 1340 1145 potest,
1374 1059 1460 1145 quin

190 1167 199 1186 '
282 1169 347 1236 illa
368 1168 481 1235 verba
503 1166 704 1234 debeantur
725 1167 796 1252 ipsi
816 1165 995 1234 Herodoti
1017 1168 1166 1236 auctori.
1210 1166 1326 1249 Quem
1349 1167 1463 1238 Grae-

283 1300 367 1346 cum
393 1277 505 1346 fuisse
531 1278 717 1345 hominem
743 1296 850 1344 nemo
872 1279 995 1345 nescit.
1040 1278 1156 1347 Multo
1179 1281 1356 1347 maiorem
1378 1301 1462 1347 eum

280 1389 466 1457 Herodoto
488 1388 600 1456 fuisse
623 1391 737 1455 aetate
760 1409 806 1455 ex
827 1409 869 1455 eo
893 1387 1016 1474 colligi
1032 1392 1158 1476 potest,
1182 1390 1281 1476 quod
1304 1377 1460 1454 ἀνασπά-

281 1521 376 1573 στους
397 1495 653 1580 καλεομένους
676 1497 763 1566 dicit
783 1497 991 1567 Herodotus
1015 1499 1147 1587 quibus
1170 1500 1251 1569 aliis
1273 1500 1363 1568 locis
1379 1489 1459 1565 ἀνα-

282 1603 451 1686 σπάστους
483 1610 658 1698 appellat,
696 1608 731 1676 V
753 1613 826 1694 204,
863 1609 899 1676 V
924 1615 971 1694 12,
998 1614 1069 1694 106,
1101 1609 1156 1677 VI
1179 1615 1208 1694 9,
1236 1615 1287 1696 20,
1315 1615 1365 1691 32,
1392 1617 1461 1696 119,

280 1717 494 1803 καλεομένους
516 1741 657 1808 semper
680 1721 818 1788 omittit.
857 1720 933 1808 Ipsi
948 1741 1020 1788 vox
1039 1721 1103 1789 illa
1117 1723 1192 1789 iam
1213 1723 1348 1789 usitata
1363 1723 1463 1791 vide-

282 1834 400 1916 batur,
415 1832 470 1900 illi
484 1832 706 1915 insolentior,
722 1833 844 1918 itaque
860 1833 965 1918 quasi
980 1832 1199 1900 excusanda.
1237 1832 1462 1902 Hecataeum

282 1945 381 2013 huno
405 1947 589 2011 auctorem
604 1962 681 2010 esse
697 1944 911 2030 suspicarer,
934 1944 1148 2030 praesertim
1164 1964 1248 2010 cum
1264 1931 1343 2006 ἇυα-
1358 1964 1462 2031 prae·

282 2056 412 2142 positio
435 2053 560 2121 Ionem
582 2054 704 2120 virum
724 2053 790 2120 illa
811 2053 998 2139 scripsisse
1021 2053 1200 2139 significet
1222 2054 1278 2135 (of.
1295 2053 1395 2123 Stein
1415 2055 1462 2121 ad

282 2165 367 2234 Her.
384 2165 441 2232 HI
456 2165 509 2246 93)
532 2168 567 2231 61
584 2164 656 2232 illis
676 2165 835 2231 maxime
853 2163 943 2232 locis
961 2163 1025 2231 illa
1039 2184 1111 2230 vox
1135 2164 1307 2232 afferatur
1329 2165 1460 2251 quibus

282 2276 512 2363 potissimum
527 2273 701 2342 Hecataei
722 2275 876 2359 vestigia
890 2273 1049 2341 vidimus
1065 2294 1238 2361 expressa
1260 2276 1463 2363 quibusque
1522 2301 1525 2308 ·

282 2386 345 2455 ille
366 2387 444 2473 ipse
467 2387 513 2453 ab
535 2385 722 2453 Herodoto
745 2385 948 2467 affertur.²⁷)
994 2385 1067 2454 Sed
1089 2387 1188 2472 prior
1209 2406 1295 2473 pars
1317 2408 1463 2455 enume-

283 2498 434 2565 rationis
449 2496 687 2580 Herodoteae,
711 2517 784 2584 qua
798 2496 909 2563 Asiae
925 2497 1101 2564 citerioris
1115 2497 1325 2584 provinciae
1340 2519 1462 2566 recen·
1493 2568 1495 2570 ,

285 2611 422 2692 sentur,
453 2608 562 2674 nimis
594 2611 755 2675 correcto
783 2611 818 2674 et
845 2610 1015 2675 accurato
1037 2607 1229 2692 regionum
1252 2607 1378 2675 ordine
1402 2609 1464 2676 ab·

284 2719 408 2786 horret
430 2738 453 2784 a
475 2718 646 2785 solutiore
668 2718 891 2804 insequentis
921 2718 1035 2805 partis
1062 2717 1225 2800 laxitate,
1257 2721 1298 2784 ut
1329 2738 1464 2804 nequa-

285 2849 396 2916 quam
426 2850 499 2896 uno
532 2829 576 2896 de
606 2828 704 2895 fonte
729 2828 843 2915 possit
868 2831 1021 2915 utraque
1047 2828 1202 2895 oriunda
1225 2848 1312 2895 6666.
1356 2828 1463 2911 Illam

287 2946 408 3008 autem
435 2939 618 3008 Hecataeo
650 2938 911 3024 assignandam
942 2929 1134 3006 credimus
1181 2938 1262 3006 Uno
1294 2939 1339 3006 de
1369 2939 1466 3006 fonte

287 3055 382 3121 certe
404 3050 612 3120 Herodotus
634 3050 878 3138 qualicunque
905 3051 1148 3137 satrapiarum
1172 3050 1329 3134 catalogi
1350 3053 1466 3136 poste-

286 3165 421 3232 riorem
441 3165 582 3250 partem
605 3165 640 3229 et
653 3164 770 3229 totum
785 3163 973 3248 copiarum
989 3181 1180 3229 recensum
1196 3161 1325 3229 hausit.
1362 3159 1466 3227 Diffi-

287 3273 465 3342 cillimum
496 3276 617 3341 autem
649 3275 703 3340 est
733 3271 829 3339 unde
861 3273 1089 3339 conturbatio
1120 3272 1298 3356 locorum,
1331 3271 1467 3338 ordinis

286 3385 352 3452 illa
375 3384 497 3471 utique
521 3385 628 3450 ruina
649 3385 696 3451 sit
717 3386 841 3450 coorta
864 3383 1083 3466 discernere,
1115 3403 1198 3449 cum
1231 3383 1384 3450 dubium
1413 3382 1468 3464 sit,

279 3498 411 3562 'utrum
433 3494 640 3562 Herodotus
667 3514 712 3562 ea
734 3494 947 3561 disturbarit
974 3512 1021 3558 an
1043 3493 1074 3558 is
1097 3512 1143 3558 ex
1166 3512 1238 3576 quo
1260 3491 1468 3558 Herodotus

289 3625 357 3674 sua
372 3605 619 3692 desumpserit.
656 3604 783 3671 Totam
805 3604 890 3671 libri
911 3603 1006 3669 tertii
1029 3601 1338 3667 enumerationem
1352 3599 1467 3691 Hero-

290 3719 416 3786 dotum
438 3737 511 3783 non
534 3737 578 3782 ex
602 3735 673 3781 uno
695 3715 792 3782 fonte
815 3714 962 3780 haurire
988 3710 1148 3798 potuisse
1171 3707 1236 3775 sed
1257 3729 1302 3775 ex
1326 3707 1468 3776 duobus

290 3829 555 3896 contaminasse
587 3823 754 3892 vidimus.
801 3821 882 3904 Qua
913 3823 958 3891 de
986 3840 1097 3889 causa
1117 3818 1344 3886 Hecataeum
1366 3817 1469 3886 adhi-

290 3940 410 4007 buerit
431 3959 504 4005 non
535 3936 661 4022 liquet,
693 3934 758 4001 sed
787 3934 927 4000 homini
952 3936 992 4001 in
1012 3932 1122 4000 Jonia
1144 3931 1305 3999 maxime
1327 3934 1412 3998 noto
1435 3929 1471 3996 et

291 4051 488 4137 plurimam
502 4048 598 4115 vitae
612 4048 753 4134 partem
767 4044 819 4111 ibi
833 4047 978 4110 versato
991 4044 1073 4130 plus
1090 4040 1250 4110 confisus
1266 4061 1344 4110 esse
1360 4058 1470 4128 quam

293 4161 355 4228 alii
382 4161 552 4246 cuiquam
578 4155 762 4245 putandus
790 4157 852 4222 est.
897 4152 1091 4220 Praeterea
1115 4172 1156 4219 eo
1181 4151 1371 4219 commodo
1393 4151 1469 4214 ute-

291 4273 409 4353 batur,
433 4271 532 4358 quod
552 4269 716 4336 tabulam
738 4265 912 4334 Hecataei
935 4284 1019 4331 cum
1041 4263 1185 4350 scriptis
1208 4265 1285 4331 eius
1308 4261 1470 4328 conferre

292 4385 441 4470 poterat.
480 4380 557 4448 Neo
572 4381 693 4447 minus
715 4380 753 4446 in
775 4375 964 4464 propatulo
987 4374 1132 4442 videtur
1154 4393 1232 4442 esse
1254 4374 1294 4439 in
1315 4371 1376 4438 illo
1398 4368 1471 4455 pri·

295 4513 357 4559 ore
387 4492 484 4559 fonte
516 4492 561 4559 de
584 4491 674 4558 Asia
704 4490 868 4557 citeriore
898 4487 1019 4553 minus
1051 4487 1218 4554 accurate
1246 4485 1367 4549 actum
1394 4498 1471 4547 osse
