3496 5248
760 506 972 570 „32-

270 689 371 758 nach
392 689 607 758 Herodotus.
653 687 897 775 Sitzungsber.
922 689 988 757 der
1010 689 1175 758 Berliner
1193 689 1398 758 Akademie
1422 691 1455 758 d.

274 799 499 869 Wissensch.
527 804 618 884 1857,
640 820 674 887 p.
700 803 770 866 125.

360 936 399 1020 ²⁴)
421 937 508 1004 Toto
531 936 594 1003 illo
614 936 732 1023 operis
747 935 945 1004 Herodotei
968 936 1048 1005 loco
1063 935 1239 1004 Hecataei
1261 915 1455 1005 auctorita-

270 1054 349 1116 tem
374 1048 586 1135 praevalere
614 1045 947 1114 animadvertimus.
994 1045 1106 1116 Cuius
1133 1067 1218 1118 cnm
1243 1048 1282 1114 in
1307 1049 1457 1136 reliquis

274 1160 432 1246 (praeter
454 1157 668 1243 secundum)
690 1157 794 1226 libris
816 1157 920 1225 nulla
940 1157 1006 1224 fiat
1027 1159 1178 1242 menti0,
1209 1159 1260 1225 eis
1282 1159 1456 1245 partibus,

271 1289 367 1358 quae
391 1268 435 1336 de
458 1269 568 1336 rebus
590 1268 730 1336 Jouicis
753 1271 865 1353 agant
886 1269 1060 1353 maxime,
1087 1269 1126 1336 in
1146 1269 1251 1337 libris
1274 1270 1399 1356 quinto
1422 1272 1458 1337 et

267 1382 375 1448 sexto
394 1379 618 1467 frequentius
634 1379 711 1447 eius
726 1379 882 1464 vestigia
897 1378 1203 1466 deprehendimus
1219 1378 1276 1462 (oi.
1293 1380 1376 1448 adn.
1392 1384 1456 1462 27).

273 1489 352 1558 Nec
376 1490 536 1558 alienum
560 1492 638 1558 erat
659 1508 743 1557 eum
774 1487 819 1558 de
844 1488 954 1556 rebus
980 1489 1054 1557 illis
1081 1491 1213 1578 quibus
1236 1492 1312 1558 tam
1339 1490 1458 1578 splen·

267 1600 359 1668 dide
381 1601 459 1686 ipse
480 1599 694 1668 interfuerat
715 1598 844 1667 audiri.

360 1708 530 1778 Ceterum
561 1730 632 1796 quo
662 1710 781 1796 magis
813 1709 880 1776 illa
909 1710 1223 1778 enumerationum
1259 1711 1458 1780 similitudo

266 1824 457 1909 appareat,
480 1821 630 1888 nomina
651 1823 832 1888 terrarum
846 1823 1017 1908 excerpta
1043 1822 1318 1890 conscribentur
1339 1822 1414 1891 hic:

331 1957 400 2024 111.
424 1958 472 2024 90
489 1976 539 2041 sq.
858 1957 897 2025 V.
922 1957 978 2026 49.
1254 1958 1294 2026 V.
1319 1961 1371 2026 52.

310 2085 336 2151 Ι.
360 2085 466 2151 Iones
826 2084 852 2151 Ι.
876 2084 983 2152 Iones

362 2196 551 2279 Magnetes

359 2305 479 2373 Aeolii

362 2415 473 2484 Cares

362 2526 467 2612 Lycii
567 2571 572 2580 ι

362 2636 493 2723 Milyes

363 2747 558 2834 Pamphyli

287 2875 338 2942 lI.
362 2875 460 2960 Mysi

361 2984 458 3071 Lydi

363 3094 513 3162 Lasonii
602 3167 603 3170 ,

362 3204 505 3274 Cabalii

361 3315 559 3402 Hygennes

273 3444 338 3510 rss.
362 3442 603 3530 Hellespontii

358 3552 524 3638 Phryges
796 3554 841 3620 Π.
865 3552 1029 3639 Phryges
1160 3552 1205 3619 Π.
1229 3551 1392 3639 Phrygia

360 3662 517 3730 Thraces

360 3773 615 3861 Paphlagones

361 3884 596 3971 Mariandyni

361 3996 458 4082 Syrii
767 3995 832 4062 ΙΠ.
858 3994 1093 4082 Cappadoces
1131 3996 1196 4062 ΠΙ.
1221 3994 1455 4084 Cappadocia

271 4122 336 4189 lV.
361 4120 491 4190 Cilices
763 4120 826 4189 IV.
852 4120 983 4188 Cilices
1138 4122 1200 4189 IV.
1226 4121 1355 4192 Cilices

296 4231 337 4299 V.
362 4233 544 4301 Phoenice

359 4344 568 4411 Palaestina

360 4453 502 4541 Cyprus
782 4452 824 4519 V.
851 4452 992 4540 Cyprus
