3496 5248
775 519 990 580 „15-

293 706 420 793 spexit,
443 722 534 790 quas
557 721 641 770 cum
655 701 687 769 B
702 705 738 769 et
752 698 783 768 P
798 701 845 768 de
864 699 992 768 ordine
1014 701 1239 768 consensisse
1262 701 1340 768 veri
1361 700 1474 768 simil-

292 816 422 884 limum
442 816 503 881 est.
541 811 746 880 Nbldekius
762 830 906 899 quoque
928 809 1017 878 talia
1038 811 1229 896 significat,
1252 811 1321 879 etsi
1342 812 1389 880 ab
1404 809 1474 879 hac

294 925 471 994 sententia
493 922 673 991 abhorret.
682 922 720 1003 ²²)
761 920 967 989 Hecataeus
990 924 1111 988 autem
1133 925 1256 988 utrum
1278 920 1474 990 Persarum

292 1035 535 1104 monumentis
564 1054 612 1100 an
635 1031 860 1101 Graecorum
888 1032 933 1099 de
960 1033 1012 1099 eis
1039 1031 1296 1099 traditionibus
1319 1052 1406 1099 usus
1429 1034 1476 1100 sit

293 1146 384 1214 nihil
406 1146 455 1213 ad
477 1165 555 1212 rem
577 1144 740 1231 pertinet.
784 1141 843 1210 Ex
865 1142 1027 1229 reliquiis
1051 1143 1176 1228 paucis
1199 1141 1474 1229 lexicographo·

292 1277 375 1324 1111
395 1276 494 1324 nunc
518 1274 661 1342 quoque
683 1252 892 1336 intellegere
914 1271 1108 1338 possumus
1130 1253 1338 1320 incircuitu
1357 1256 1476 1320 terrae

293 1367 418 1436 dehis
440 1367 549 1433 rebus
573 1364 619 1430 ab
642 1361 825 1430 Hecataeo
848 1363 963 1430 verba
983 1362 1081 1431 facta
1102 1382 1189 1430 csse.

378 1477 458 1544 Iam
480 1495 567 1542 vero
589 1473 797 1542 Herodotus
826 1493 969 1560 quoque
993 1471 1171 1540 eiusmodi
1193 1473 1333 1542 indices
1354 1473 1474 1558 habet,

293 1589 450 1654 alterum
470 1587 510 1652 in
532 1586 635 1653 tertio
661 1584 771 1665 libro,
802 1605 874 1672 quo
897 1584 977 1652 loco
1001 1583 1194 1669 vectigalia
1216 1583 1370 1670 singulis
1391 1605 1474 1672 pro-

293 1697 423 1764 vinciis
460 1696 647 1782 imposita,
685 1695 839 1762 alterum
877 1695 941 1774 ubi
977 1695 1100 1782 copias
1130 1693 1265 1762 Xerxis
1302 1699 1472 1763 recenset.

293 1806 521 1875 Herodotum
547 1809 622 1873 tam
649 1805 766 1872 multa
792 1805 1000 1873 communia
1025 1804 1160 1873 habere
1184 1825 1269 1873 cum
1290 1804 1474 1874 Hecataeo

293 1917 452 1985 Dielsius
473 1916 572 1999 (1.1.)
595 1916 718 1984 docuit
740 1920 780 1982 ut
802 1916 846 1983 de
867 1914 1051 1983 Hecataeo
1075 1920 1222 2002 agentes
1244 1916 1349 1984 illum
1370 1936 1474 2003 prae-

292 2030 400 2096 terire
430 2048 503 2094 non
534 2027 724 2114 possimus.
769 2026 919 2094 Initium
949 2027 1124 2094 faciemus
1152 2047 1176 2092 a
1206 2028 1394 2114 copiarum
1419 2047 1473 2094 re-

294 2158 404 2206 censu
427 2137 513 2220 (VII
538 2141 576 2204 61
597 2136 689 2224 sqq.)
713 2156 804 2223 quas
823 2156 898 2202 non
921 2139 1089 2204 accurate
1112 2136 1159 2203 ad
1182 2140 1364 2206 terrarum
1385 2139 1475 2205 situs

292 2250 511 2336 perscriptas
528 2268 605 2316 esse
621 2268 694 2314 non
710 2247 935 2330 mirabimur,
952 2267 1037 2314 oum
1055 2248 1094 2314 in
1110 2248 1255 2331 agmine
1270 2247 1474 2316 ordinando

293 2360 382 2426 situs
413 2363 594 2426 terrarum
624 2356 760 2423 nullius
787 2358 962 2424 momenti
988 2357 1043 2424 sit.
1088 2355 1143 2425 Eo
1170 2356 1285 2443 pluris
1307 2358 1475 2427 facienda

294 2473 378 2536 sunt
400 2487 636 2559 quaecunque
659 2465 789 2547 1111111
812 2466 939 2534 ordine
961 2467 1001 2535 in
1020 2467 1098 2534 acie
1114 2466 1311 2535 Persarum
1330 2490 1474 2538 conser-

294 2583 382 2644 vata
412 2596 489 2644 esse
522 2576 701 2643 videmus:
733 2575 900 2644 Primum
926 2577 1049 2644 locum
1078 2581 1200 2645 tenent
1221 2577 1354 2646 Persae
1376 2579 1476 2648 Medi

295 2689 403 2758 Cissii
426 2688 519 2755 sicut
533 2692 571 2755 in
585 2687 881 2774 inscriptionibus
896 2691 931 2756 et
950 2688 1049 2775 apud
1062 2687 1297 2775 Aeschylum.
1335 2688 1475 2758 Deinde

295 2799 480 2868 orientalis
494 2799 608 2886 partis
623 2799 764 2866 incolae
784 2799 885 2886 prius
901 2799 1102 2867 afferuntur
1118 2800 1160 2881 (c.
1179 2799 1329 2882 61-70),
1351 2804 1476 2886 postea

220 2910 222 2918 ’
295 2911 529 2979 occidentalis
561 2911 729 2994 111-19),
761 2917 943 2996 postremo
974 2911 1055 2978 loco
1086 2903 1129 2974 τὰ
1160 2904 1343 2996 νησιωτικά
1380 2910 1477 2974 ἔθνεα

294 3015 335 3083 τὰ
358 3016 395 3084 ἐκ
417 3021 474 3106 τῆς
500 3014 641 3106 ἒρυθρῆς
661 3014 839 3106 θαλάσσης
863 3014 1005 3102 ἑπόμενα
1030 3022 1071 3101 (c.
1097 3019 1160 3101 80).
1205 3020 1249 3087 In
1270 3020 1340 3088 hoo
1362 3019 1478 3086 Hero-

295 3132 401 3199 dotus
425 3152 510 3198 curu
530 3132 731 3196 novissima
752 3131 985 3215 inscriptione
1006 3130 1101 3196 NRa
1123 3131 1310 3210 consentit,
1334 3149 1418 3195 cum
1439 3130 1477 3196 in

294 3241 477 3326 prioribus
510 3239 556 3303 ab
588 3237 773 3304 occidente
801 3238 875 3304 sole
902 3239 1046 3305 initium
1071 3237 1144 3303 fiat.
1189 3237 1292 3304 Intra
1314 3239 1476 3323 singulas

295 3350 416 3433 partes
439 3351 620 3413 terrarum
642 3345 731 3413 ordo
754 3367 827 3413 non
851 3365 992 3433 semper
1015 3350 1180 3414 servatus
1204 3351 1266 3432 est,
1289 3352 1477 3434 praeterea

295 3457 412 3525 multa
442 3457 604 3544 gentium
635 3459 785 3524 nomina
814 3457 1046 3544 proferuntur
1083 3478 1240 3545 quarum
1278 3460 1381 3527 sedes
1413 3463 1479 3530 ubi

295 3569 430 3635 fuerint
449 3569 557 3656 plane
580 3569 776 3652 ignoretur,
798 3570 851 3636 ita
872 3572 913 3635 ut
928 3568 1016 3636 haec
1037 3589 1095 3637 res
1111 3571 1317 3638 accuratius
1333 3573 1477 3658 anquiri

296 3699 369 3745 non
399 3681 521 3767 possit.
567 3677 706 3760 Quodsi
737 3700 804 3747 nos
832 3680 879 3746 ad
902 3681 1145 3766 satrapiarum
1169 3683 1477 3750 enumerationem

297 3790 554 3874 convertimus
585 3791 703 3877 primo
736 3775 896 3876 quidem
910 3793 1057 3877 aspectu
1081 3791 1126 3858 de
1149 3793 1276 3860 ordine
1297 3796 1477 3860 terrarum

297 3918 385 3968 sano
409 3900 691 3988 desperabimus
736 3900 902 3968 Primum
924 3901 1036 3969 Asiae
1059 3903 1235 3970 citerioris
1257 3904 1476 3990 provinciae,

298 4009 414 4096 Syria,
447 4010 649 4096 Aegyptus,
681 4010 813 4098 Libya,
845 4010 985 4098 Cyrene
1018 4013 1188 4099 deinceps
1220 4018 1477 4082 enumerantur

296 4121 518 4208 (1111131),
541 4124 619 4188 tum
633 4122 780 4190 Iudicae
801 4123 982 4210 quaedam
1002 4126 1166 4190 nationes
1185 4124 1477 4208 311111111191),

297 4231 540 4318 postdemum
557 4230 652 4300 Susa
670 4237 878 4320 sequuntur,
896 4235 1176 4319 necquicquam
1197 4235 1235 4299 in
1258 4232 1327 4301 hoc
1350 4235 1476 4303 ordine
1518 4251 1519 4258 ’

297 4343 448 4410 rationis
470 4341 682 4425 investigari
703 4346 827 4428 potest.
864 4342 1000 4410 Tamen
1019 4344 1223 4409 accuratius
1245 4345 1476 4431 inspicientes

298 4453 401 4520 filum
429 4453 656 4520 Ariadneurn
687 4453 900 4520 videbimus.
946 4451 1091 4520 Primae
1124 4456 1303 4540 satrapiae
1335 4456 1381 4523 ab
1413 4475 1476 4523 ora
