3496 5248
743 522 950 584 ..10-

262 700 442 789 Spardam
480 702 567 782 (1.6.
603 701 764 788 Sardes),
801 705 964 787 Joniam,
1002 703 1178 787 Mediam,
1215 705 1438 788 Armeniam,

259 811 544 900 Cappadociam,
581 812 785 897 Parthiam,
826 815 1093 901 Drangianam,
1135 815 1279 899 Ariam,
1324 814 1442 883 Choa-

258 925 442 1007 rasmiam,
453 922 661 1006 'Bactriam
677 923 911 1009 Sogdianam,
929 925 1165 1009 Gandariam,
1182 925 1304 1009 Sacas,
1322 925 1440 994 Satta-

259 1033 386 1120 gydas,
408 1033 661 1118 Arachosiam‚
684 1034 820 1118 Maces,
843 1037 974 1120 viginti
996 1038 1069 1103 tres
1092 1039 1226 1119 gentes.

344 1143 530 1212 Consentit
552 1143 642 1212 haec
664 1146 852 1233 inscriptio
869 1166 953 1214 cum
968 1145 1162 1232 Aeschylo,
1186 1167 1270 1214 cum
1291 1147 1442 1233 incipiat

260 1276 282 1322 a
303 1254 431 1323 Persia
453 1252 634 1336 Susisque,
659 1256 788 1323 deinde
812 1257 905 1324 sicut
926 1255 986 1324 hic
1008 1257 1047 1324 in
1068 1257 1277 1343 Aegyptum
1301 1276 1338 1324 se
1355 1277 1440 1324 con-

258 1368 389 1449 vertat,
420 1369 502 1452 post
533 1365 660 1433 eodem
691 1367 801 1434 modo
828 1387 893 1454 per
923 1387 1025 1434 mare
1056 1370 1218 1434 transeat
1247 1368 1286 1434 in
1312 1368 1440 1435 Asiam

260 1477 463 1544 citeriorem
485 1477 604 1557 itaque
626 1477 790 1545 medium
811 1478 850 1544 in
881 1497 1037 1562 regnum
1059 1480 1275 1559 revertatur3
1306 1498 1381 1545 una
1402 1479 1441 1544 in

258 1607 298 1654 re
313 1590 436 1654 tamen
451 1587 633 1674 discrepat
649 1607 671 1654 a
684 1591 801 1674 poeta,
821 1609 906 1656 cum
920 1587 1162 1674 Babyloniam
1185 1589 1288 1654 initio
1305 1588 1440 1670 afferat,

259 1717 371 1784 quam
391 1697 453 1764 ille
474 1701 658 1784 postremo
688 1699 803 1785 partis
826 1699 903 1766 eius
934 1698 1014 1765 loco
1046 1702 1315 1766 commemorat.
1362 1695 1442 1778 Qua

260 1808 305 1876 de
327 1828 366 1875 re
387 1807 485 1875 infra
507 1807 656 1875 dicetur.
694 1807 780 1875 Nou
803 1809 908 1876 aliter
930 1810 1005 1876 iam
1027 1808 1212 1876 orientalis
1234 1809 1340 1892 regni
1354 1828 1440 1894 pars

258 1917 450 2005 exponitur
472 1937 590 2004 neque
604 1939 692 1985 vero
714 1924 791 1986 tam
813 1920 972 1987 breviter
994 1938 1105 2006 quam
1123 1919 1222 2005 apud
1243 1919 1357 2001 illum,
1376 1920 1441 1986 sed

258 2027 387 2096 eadem
418 2047 491 2115 qua
521 2029 645 2114 priora
675 2030 865 2096 nominum
896 2031 1070 2097 ubertate.
1123 2029 1294 2114 Regnum
1323 2033 1440 2096 totum

258 2140 297 2205 in
320 2138 411 2205 duas
433 2141 555 2224 partes
581 2139 740 2206 divisum
761 2139 940 2223 videmus
973 2139 1235 2208 occidentalem
1267 2142 1301 2206 et
1324 2141 1440 2207 orien-

259 2248 378 2316 talem.
423 2248 533 2315 Illam
563 2250 696 2317 iterum
720 2252 849 2338 partiri
876 2254 1009 2317 natura
1036 2250 1133 2336 cogit
1159 2251 1241 2337 ipsa
1270 2251 1365 2316 mari
1386 2251 1441 2316 in-

260 2356 465 2442 terfluente}
480 2362 718 2443 omnibusque
740 2363 778 2429 in
800 2363 1097 2450 inscriptionibus
1111 2360 1203 2429 haec
1226 2362 1356 2429 divisio
1379 2381 1440 2428 ex-

262 2473 323 2537 tat.
369 2468 442 2538 Sed
465 2491 600 2556 eorum,
625 2492 647 2538 a
670 2473 802 2559 quibus
825 2473 909 2540 illae
933 2473 1079 2541 tabulae
1102 2473 1321 2559 compositae
1348 2474 1440 2553 sunt,

256 2580 461 2647 interfuisse
498 2582 537 2648 ni
567 2581 676 2648 fallor
716 2583 862 2650 videtur
899 2604 1009 2670 quam
1046 2584 1206 2650 maxime
1237 2583 1373 2670 pariter
1407 2586 1442 2649 et

257 2710 371 2776 aeque
403 2691 567 2776 singulas
598 2693 789 2776 regionum
820 2696 942 2777 partes
972 2695 1067 2760 inter
1089 2713 1127 2759 se
1151 2693 1351 2778 disponere.
1396 2691 1441 2758 In

259 2801 426 2868 orientali
448 2803 544 2869 enim
567 2806 669 2889 parte
693 2804 896 2870 communis
919 2803 1196 2889 inscriptionum
1213 2802 1342 2868 divisio
1366 2821 1441 2868 ser-

257 2915 344 2978 vata
365 2912 510 2979 videtur
531 2914 734 2999 iterumque
750 2912 942 2997 regionum
957 2915 1127 2979 naturam
1142 2913 1180 2978 in
1196 2931 1308 2978 causa
1329 2911 1441 2978 fuisse

256 3026 343 3109 puto
358 3022 541 3109 finemque
557 3026 740 3090 terrarum
754 3023 901 3090 illarum
915 3021 1027 3090 fuisse
1043 3020 1322 3109 Paropamisum
1337 3041 1440 3087 mon-

256 3138 338 3217 tem,
362 3135 426 3219 qui
449 3133 588 3200 dirimit
608 3133 721 3200 Indos
743 3153 766 3199 a
788 3133 1061 3219 septentrionali
1083 3133 1193 3199 Asiae
1215 3135 1327 3219 parte.

340 3245 402 3310 Ad
426 3244 579 3311 alteram
594 3235 872 3331 ¹inscriptionem
895 3242 1082 3331 Persepoli
1104 3247 1286 3329 repertam
1307 3245 1438 3308 transi-

256 3375 338 3422 mus
367 3374 460 3442 quae
492 3355 700 3441 provincias
728 3359 874 3422 enarrat
895 3353 965 3422 hoc
996 3355 1105 3421 modo
1139 3354 1218 3437 (1.0.
1243 3374 1276 3439 p.
1301 3353 1439 3440 orsay:

260 3465 468 3547 Susianam,
506 3464 683 3547 Mediam,
720 3463 965 3550 Babylonem,
1003 3464 1200 3546 Arabiam,
1238 3464 1440 3549 Assyriam,

257 3577 477 3662 Aegyptum,
515 3575 740 3657 Armeniam,
779 3573 1059 3661 Cappadociam,
1098 3574 1241 3656 Sardes
1281 3573 1441 3641 Graecos

259 3687 503 3753 continentem
525 3687 560 3752 et
590 3685 729 3752 insulas
762 3685 967 3769 incolentes,
1005 3684 1144 3772 hasque
1178 3688 1293 3751 terras
1325 3686 1441 3751 orien-

255 3795 362 3878 tis¹⁵):
387 3795 601 3881 Sagartiam,
611 3794 810 3880 Parthiam,
821 3796 1084 3882 Drangianam,
1095 3795 1233 3879 Anam,
1244 3794 1439 3878 Bactriam,

257 3905 490 3990 Sogdianam,
508 3904 770 3989 Chorasmiam,
795 3905 1023 3992 Sattagydas,
1039 3904 1292 3988 Arachosiam‚
1316 3905 1439 3988 Sacas,

259 4015 394 4084 Macas

342 4125 437 4194 Cum
459 4128 579 4214 priore
594 4126 685 4194 baec
707 4127 893 4213 inscriptio
913 4128 1090 4194 consentit
1112 4127 1151 4194 in
1166 4127 1342 4214 plurimis,
1365 4127 1438 4213 pri-

258 4256 358 4303 mam
393 4242 536 4324 partem
573 4258 596 4304 a
633 4237 735 4306 Susis
774 4237 821 4304 ad
856 4238 1065 4324 Aegyptum
1101 4240 1339 4325 pertinentem
1378 4257 1439 4303 ex-

258 4345 360 4414 hibet
380 4348 535 4415 eandem
557 4347 689 4432 161616)
733 4347 903 4417 Secunda
924 4369 1011 4415 vero
1044 4353 1146 4436 parte
1179 4348 1363 4417 difficilius
1386 4349 1440 4414 est

256 4455 468 4540 dignoscere
491 4459 581 4545 quid
612 4446 682 4527 sibi
702 4458 859 4525 voluerit
887 4459 1131 4546 inscriptionis
1156 4462 1289 4526 auctor.
1333 4455 1432 4525 Nam
