3496 5248
640 1562 1168 1689 Adnotationes.

831 1771 984 1778 —-—·—-—-

403 1895 617 1978 1)Ρ111·ε.21.
642 1897 714 1962 300.
738 1898 812 1961 480.
843 1843 967 1981 Suppl.
991 1897 1064 1960 239.
1095 1893 1215 1961 Prom.
1240 1897 1311 1960 200.
1336 1898 1501 1963 630103.

315 2011 386 2074 181.
405 2011 476 2074 821.
507 2005 577 2091 Ag.
595 2009 668 2073 268.
705 2003 811 2072 Eum.
831 2009 859 2072 l.
874 2004 917 2071 fr.
934 2008 985 2072 29.
1013 2008 1074 2071 184
1089 2023 1166 2091 sqq.
1190 2007 1250 2070 189
1274 2023 1326 2090 sq.
1349 2003 1504 2073 Hesiodi

312 2117 356 2184 fr.
384 2121 443 2185 162
466 2116 579 2184 Kink.
603 2117 643 2183 in
664 2114 803 2182 Phineo
827 2134 1041 2202 expressum
1064 2134 1141 2182 esse
1164 2114 1368 2201 putandum
1391 2120 1452 2182 est.

402 2246 430 2328 ²)
454 2242 598 2312 Os‘tium
620 2245 717 2311 enim
731 2242 810 2310 Nili
832 2243 890 2310 vel
913 2243 1011 2310 delta
1033 2245 1149 2309 totum
1170 2246 1297 2329 poetae
1319 2243 1358 2308 in
1381 2243 1504 2310 animo

312 2355 426 2424 fuisse
454 2358 556 2443 puto,
589 2355 656 2421 etsi
686 2354 762 2438 ipse
788 2373 863 2418 non
893 2353 988 2419 dicit.
1034 2353 1129 2419 Ante
1152 2351 1380 2419 Herodotum
1407 2353 1506 2420 enim

314 2466 414 2532 delta
450 2465 568 2531 solum
595 2464 785 2548 Aegyptus
823 2481 901 2529 esse
933 2463 1149 2530 credebatur
1182 2462 1279 2544 (Her.
1307 2462 1345 2530 II
1375 2467 1438 2545 15),
1470 2466 1507 2530 et

316 2574 542 2660 Aeschylum
584 2595 725 2661 quoque
771 2574 848 2641 eius
891 2575 1087 2641 sententiae
1128 2575 1343 2661 participem
1389 2573 1503 2640 fuisse

315 2705 380 2771 per
411 2705 450 2752 se
480 2686 559 2752 veri
595 2685 710 2752 simile
743 2687 796 2752 est
826 2687 862 2751 et
889 2684 986 2752 infra
1015 2686 1170 2771 probare
1198 2685 1367 2752 conabor.
1411 2683 1503 2750 Tam

312 2815 422 2883 saepe
454 2800 589 2878 autem,
621 2797 660 2862 in
683 2794 916 2882 Supplicibus
948 2797 1121 2876 maxime,
1153 2795 1219 2862 sed
1246 2798 1281 2862 et
1308 2794 1389 2862 aliis
1411 2794 1503 2862 locis

313 2908 472 2994 Aegypti
498 2927 632 2974 nomen
664 2907 786 2994 aliquo
812 2905 923 2973 modo
951 2906 1231 2988 circumscribit,
1264 2925 1348 2973 cum
1374 2905 1504 2973 Nilum

311 3017 482 3104 appellet,
516 3019 592 3084 sive
625 3017 669 3084 de
701 3019 782 3104 ipsa
813 3021 911 3084 terra
934 3018 1011 3083 sive
1038 3015 1082 3084 de
1104 3016 1234 3083 incolis
1256 3016 1431 3102 loquitur,
1463 3019 1505 3081 ut

311 3148 395 3194 eam
416 3131 558 3213 partem
577 3128 737 3193 maxime
753 3127 913 3193 fluminis
935 3128 975 3192 in
991 3128 1113 3193 animo
1129 3125 1301 3192 habuisse
1323 3124 1502 3207 videatur,

311 3257 407 3322 quae
429 3257 495 3322 per
510 3236 728 3321 Aegyptum,
751 3236 773 3301 i.
798 3255 826 3300 e.
850 3256 916 3321 per
939 3234 1057 3302 deltae
1076 3236 1263 3319 regionem
1284 3235 1382 3302 fluat
1418 3233 1503 3302 Non

313 3348 442 3430 ignoro
475 3366 559 3412 eum
590 3345 739 3411 scivisse
766 3343 843 3411 Nili
873 3345 990 3412 fontes
1020 3346 1058 3411 in
1086 3343 1280 3430 Aethiopia
1310 3345 1384 3412 fere
1416 3346 1503 3412 sitos

312 3474 402 3522 esse.
440 3455 576 3523 Tamen
594 3453 638 3522 do
653 3455 823 3522 inferiore
837 3455 996 3522 maxime
1018 3455 1130 3523 fluvio
1146 3455 1291 3522 videtur
1313 3457 1502 3542 cogitasse.

314 3565 397 3634 Huc
413 3567 523 3634 etiam
544 3567 700 3653 pertinet
721 3564 897 3632 Hecataei
917 3565 1036 3649 locun,
1060 3587 1131 3652 quo
1156 3565 1243 3633 dicit
1264 3565 1381 3642 Νεῖλος
1402 3559 1503 3642 πόλις

316 3670 497 3758 Αἰγύπτου
519 3678 541 3745 i.
566 3699 595 3745 e.
620 3677 747 3744 deltae.
794 3675 849 3758 (fr.
873 3677 960 3757 277).

402 3805 430 3887 ³)
452 3804 616 3873 Herodot
652 3802 730 3870 und
762 3802 985 3888 Hekataeos,
1018 3803 1178 3874 Hermae
1208 3805 1280 3872 vol.
1312 3803 1432 3887 XXII,
1467 3825 1502 3891 p.

316 3920 381 3982 422
406 3917 488 3984 adn.
591 3917 593 3920 ’

404 4044 429 4124 ⁴)
453 4043 495 4111 cf.
519 4041 828 4111 Wiedemannum
851 4062 881 4110 a.
905 4042 928 4110 1.

403 4166 427 4244 ⁵)
450 4162 492 4229 fr.
524 4165 584 4228 110
612 4162 688 4229 sive
715 4162 879 4248 quisquis
911 4162 988 4228 eius
1017 4162 1245 4248 Aegyptiaca
1276 4161 1502 4247 conscripsit.

314 4273 361 4341 cf.
387 4271 626 4341 Gutschmied
647 4271 777 4339 Philol.
800 4270 846 4338 X.
871 4274 933 4338 538
957 4291 1034 4357 sqq.
1362 4330 1378 4397 ⁴

403 4393 427 4472 θ)
451 4393 527 4459 sive
550 4401 800 4473 σεμνοκομπεῖν,
823 4394 864 4456 111
884 4388 1101 4474 1100001108,
1125 4391 1201 4457 siva
1223 4377 1501 4474 κάσεμνοκόμπει,

313 4506 356 4569 ut
370 4499 591 4570 Dindorfius.
628 4499 734 4566 Prior
749 4519 876 4566 versus
894 4499 939 4566 ad
959 4499 1058 4567 illius
1082 4501 1158 4567 vini
1182 4502 1502 4586 comparationem,
