3496 5248
701 483 907 558 ,1.-Α

203 688 347 754 66161113
370 684 425 750 311.
464 680 698 750 Cinaethenis
720 683 903 767 postremo
922 681 1056 748 mentio
1079 679 1129 763 fit,
1153 681 1218 767 qui
1238 679 1387 748 Medum

203 799 240 863 et
261 795 412 881 Eriopin
434 792 585 860 Medeae
606 790 702 859 filies
725 791 895 879 appellet:
923 785 1030 874 πέρας
1051 787 1087 854 δὲ
1110 787 1142 866 ἐς
1163 783 1238 867 τοὺς
1259 790 1389 867 παῖδας

204 893 278 970 οὐδὲ
313 895 417 988 τούτῳ
447 897 658 988 πεποιημένα
690 896 789 965 ἐστίν.
833 900 918 969 Non
949 901 1098 969 euenur
1119 901 1303 970 Hesiodus
1326 903 1390 989 qui

123 1091 127 1096 ,
204 1016 335 1101 (theog.
362 1013 459 1096 1000)
473 1012 625 1082 Medeae
639 1012 758 1080 filium
779 1011 891 1080 fuisse
914 1012 1002 1080 dicit
1016 1011 1197 1096 Medeam,
1220 1032 1329 1100 quem
1350 1013 1388 1080 in

203 1126 389 1196 montibus
412 1123 549 1192 Chiron
572 1123 796 1190 erudivisset.
834 1122 961 1209 Itaque
983 1126 1110 1210 poetae
1132 1122 1226 1190 nihil
1248 1123 1293 1191 de
1315 1126 1390 1209 ety-

204 1237 366 1322 mologia
397 1235 462 1302 illa
488 1235 650 1301 attulisse
677 1234 861 1317 videntur,
894 1234 960 1302 sed
980 1234 1206 1303 Hecataeum
1231 1235 1392 1322 primum

206 1367 290 1416 eam
311 1346 504 1434 protulisse
526 1365 571 1412 ex
593 1343 651 1412 his
674 1343 839 1413 efficibrr.
871 1342 1011 1425 Quodsi
1033 1344 1216 1413 Pindarus
1237 1347 1312 1413 iam
1335 1343 1389 1412 Ol.

207 1463 258 1541 16,
282 1462 312 1542 3,
336 1457 466 1525 Ρ61363
490 1448 659 1539 Μηδείους
692 1454 852 1541 6111161161
882 1453 999 1541 (Pyth.
1021 1455 1050 1523 I.
1074 1455 1146 1539 18),
1174 1457 1251 1543 ipse
1272 1455 1390 1524 Heca-

206 1573 329 1636 taeum
355 1567 500 1634 videtur
526 1565 667 1650 legisse.
692 1565 836 1632 -Iam
863 1586 949 1633 vern
972 1565 1178 1652 Aeschylus
1204 1567 1243 1634 in
1268 1565 1391 1634 Persis

206 1680 370 1748 Dareum
386 1676 569 1758 6111116113
585 1675 792 1743 redivivum
806 1677 901 1742 inter
923 1676 996 1743 alia
1016 1678 1156 1763 priores
1177 1696 1282 1763 reges
1305 1676 1391 1744 Per·

206 1808 332 1858 sarum
354 1790 626 1856 enumerantem
647 1786 743 1853 facit.
782 1783 947 1866 Quorum
962 1807 1046 1854 cum
1067 1787 1227 1874 primum
1241 1786 1393 1856 Medum

205 1901 318 1968 inisse
341 1899 440 1966 dicat
462 1895 564 1978 (756),
588 1896 895 1964 verisimillimum
917 1896 1071 1981 videtur,
1093 1897 1184 1965 haec
1207 1918 1253 1965 61
1273 1897 1393 1966 Η666-

206 2015 287 2079 1666
326 2010 470 2096 sumpta
506 2025 592 2074 esse.
660 2006 849 2075 Athenaeo
885 2010 974 2074 teste
1007 2007 1056 2088 (X
1078 2011 1141 2075 480
1163 2006 1221 2090 G.,
1253 2011 1315 2074 441
1340 2005 1393 2087 Ο.)

205 2121 411 2190 Hecataeus
432 2119 572 2205 primus
595 2119 760 2185 narravit
778 2118 977 2204 Aegyptios
999 2116 1244 2186 hordeaceum
1265 2119 1393 2186 vinum

205 2233 340 2300 bibere.
378 2227 583 2315 Aeschylus
607 2232 729 2297 antem
750 2249 834 2296 611111
856 2231 895 2296 in
910 2227 1143 2317 Supplicibus
1166 2249 1204 2297 se
1225 2229 1265 2297 id
1286 2249 1393 2298 nesse

209 2340 390 2426 significet
409 2339 468 2406 his
491 2340 612 2408 verbis
635 2339 744 2422 (919):

405 2471 477 2547 ἀλλ’
503 2473 640 2567 ἄρσενάς
661 2507 714 2548 τοι
736 2484 831 2569 vigae
852 2485 909 2570 γῆς
931 2477 1112 2571 οἰκήτορας,

404 2582 547 2678 eiectae&
572 2582 610 2658 οὗ
632 2589 788 2670 πίνοντας
811 2592 847 2657 ἐκ
868 2596 996 2678 κριθῶν
1017 2593 1114 2679 μέθυ,

207 2759 299 2828 quos
321 2760 386 2807 rex
408 2739 586 2824 Pelasgus
603 2738 869 2824 Aegyptiorum
890 2741 1063 2826 praeconi
1085 2739 1181 2824 dicit,
1206 2742 1253 2808 ab
1275 2740 1394 2809 Heca-

206 2854 288 2919 taeo
325 2850 457 2918 iterum
492 2848 651 2937 pendere
684 2848 837 2916 videtur.
891 2848 1099 2916 Herodotus
1132 2853 1254 2917 autem
1282 2849 1322 2918 H
1353 2855 1393 2917 11

208 2961 384 3030 Hecataei
413 2960 528 3028 verba
559 2961 766 3027 accuratius
799 2960 984 3045 expressit.
999 2959 1024 3041 ⁴)
1067 2959 1262 3028 Praeterea
1284 2961 1396 3028 tradit

208 3073 270 3141 ille
301 3071 358 3154 (ir.
395 3070 472 3153 133)
509 3069 672 3137 Paeones
708 3068 903 3137 Thraciam
937 3069 1135 3138 incolentes
1171 3070 1288 3154 βρῦτον
1324 3065 1394 3134 ἀπὸ

209 3184 274 3246 τῶν
300 3180 434 3274 κριθῶν
465 3177 523 3243 καὶ
545 3174 717 3265 παραβίην
748 3168 819 3243 ἀπὸ
850 3177 982 3264 κέγχρου
1013 3181 1157 3250 bibisse.
1203 3178 1282 3262 Quo
1312 3182 1393 3251 loco

210 3293 451 3374 Hellaniens⁵)
466 3310 555 3359 113113
570 3291 715 3359 videtur
730 3311 818 3374 esse,
834 3293 897 3378 qui
911 3290 1068 3359 Thraces
1085 3292 1204 3376 βρῦτον
1218 3287 1255 3356 ἐκ
1268 3292 1396 3377 κριθῶν

210 3403 376 3471 hausisse
398 3405 559 3469 testatur.
597 3400 803 3487 Aeschylus
820 3403 932 3487 igitur
953 3423 999 3469 61
1018 3402 1202 3472 Hecataeo
1226 3403 1395 3473 didicisse

210 3516 338 3601 potest,
361 3531 454 3600 quae
475 3512 515 3578 in
537 3511 708 3598 Lycurgo
732 3512 889 3597 satyrico
912 3514 1104 3600 expromit:

407 3626 472 3702 κᾶκ
493 3626 588 3702 τῶνδ’
614 3633 727 3714 ἔπινες
747 3627 863 3722 βρῦῶαν
885 3633 1062 3718 ἰσχναίνων
1084 3633 1185 3724 χρόνῳ

410 3745 469 3811 καὶ
490 3748 513 3831 †
536 3743 754 3830 σεμνοκόπτει
776 3738 865 3814 τοῦτ)
890 3747 923 3814 ἐν
945 3737 1078 3836 ἀνδρείᾳ
1101 3748 1242 3837 6111111)

324 3885 517 3972 Lycurgus
552 3881 720 3954 Edonum
755 3884 938 3954 Thracum
968 3908 1033 3954 rex
1065 3890 1155 3970 erat,
1190 3886 1396 3956 Hecataeus
1510 3905 1521 3920 ³

215 3997 281 4064 illa
303 3996 347 4064 de
369 3997 575 4066 Paeonibus
597 3994 799 4063 Thracibus
822 3996 1036 4081 tradiderat,
1060 4018 1105 4065 61
1127 4017 1201 4085 qua
1221 4018 1262 4066 re
1285 4000 1396 4066 conii-

214 4127 296 4176 cere
322 4107 444 4192 liceat,
475 4106 700 4193 Aeschylum
725 4106 940 4193 priusquam
965 4106 1130 4176 fabulam
1156 4112 1395 4196 componeret,

215 4237 288 4283 nen
311 4217 431 4284 solum
457 4217 502 4286 de
534 4219 747 4302 argumente
779 4235 873 4302 quae
899 4217 1035 4305 scripta
1060 4220 1234 4287 extabant
1254 4219 1395 4303 legisse,

216 4326 281 4395 sed
304 4329 413 4394 etiam
436 4326 480 4395 de
502 4331 684 4396 terrarum
712 4330 747 4395 et
768 4327 958 4396 hominum
980 4331 1125 4413 natura,
1149 4349 1239 4417 ques
1263 4329 1396 4398 descri-

218 4436 356 4504 bendos
379 4438 449 4505 sibi
463 4441 709 4525 proposuerat,
732 4437 958 4506 Hecataeum
980 4440 1194 4522 consuluise,
1217 4458 1301 4507 cum
1321 4459 1396 4506 nen
