3496 5248
762 567 976 630 ..35-

278 754 399 838 Argos
422 754 563 819 venisse
587 752 679 819 dixit
698 752 751 831 (fr.
773 751 814 834 l).
853 751 896 818 In
912 751 1086 838 Aeschyli
1102 751 1332 838 supplicibus
1354 755 1456 838 pater

278 865 355 951 ipse
380 863 478 931 domi
499 866 662 930 remanet
684 863 739 944 (cf.
758 865 829 930 895.
847 862 931 945 873).
969 862 1012 930 In
1035 861 1105 930 hac
1128 864 1239 948 igitur
1260 884 1300 931 re
1323 863 1456 931 discre-

278 979 380 1061 pant;
404 977 563 1042 ceterum
584 975 623 1040 in
646 973 774 1040 eadem
790 971 1021 1059 Phrynichus
1042 975 1218 1041 consentit
1241 995 1325 1042 curn
1338 973 1455 1041 Heca-

279 1089 358 1152 taeo
379 1084 435 1168 (fr.
453 1086 527 1165 357)
551 1085 614 1171 qui
636 1084 799 1152 fabulam
820 1083 923 1152 illam
945 1104 1018 1150 non
1042 1084 1146 1151 aliter
1169 1087 1275 1171 atque
1297 1085 1358 1152 ille
1373 1105 1456 1151 nar-

277 1199 428 1263 raverat.
441 1233 482 1240 —
493 1194 699 1262 Verisimile
708 1214 781 1262 non
797 1197 890 1261 esset
899 1194 1124 1280 Aeschylum
1140 1195 1249 1262 etiam
1264 1216 1349 1262 cum
1358 1195 1456 1281 Aga-

277 1326 506 1374 memnonem
529 1308 759 1391 componeret
779 1303 980 1390 Phrynichi
1001 1305 1114 1373 verba
1135 1307 1174 1372 in
1197 1307 1318 1372 animo
1340 1305 1455 1375 habu·

275 1419 346 1486 isse
385 1416 465 1502 (Ag.
507 1419 602 1484 1642:
644 1409 819 1496 κόμπασον
855 1415 991 1498 θαρσῶν
1028 1404 1171 1498 ἀλέκτωρ
1204 1405 1287 1480 ὥστε
1318 1411 1456 1503 θηλείας

275 1525 388 1603 πέλας.
412 1566 453 1572 -
475 1526 671 1613 Phrynioh.
705 1547 759 1613 ap.
784 1526 876 1594 Plut.
901 1527 991 1594 Mor.
1015 1531 1077 1594 962
1100 1527 1143 1594 F:
1167 1518 1286 1613 ἔπτηξ’
1312 1515 1454 1610 ἀλέκτωρ

275 1638 389 1703 δοῦλον
420 1626 464 1714 ὣς
493 1633 605 1714 κλίνας
635 1631 766 1721 πτερόν)
798 1638 869 1705 nisi
900 1638 1056 1706 eundem
1078 1638 1278 1726 Phrynichi
1308 1659 1455 1708 versum

275 1749 398 1817 multis
431 1750 535 1816 annis
565 1753 647 1836 post
677 1749 788 1834 vulgo
820 1750 1005 1834 cognitum
1035 1749 1146 1816 fuisse
1176 1769 1284 1817 versu
1315 1750 1455 1818 Aristo·

274 1861 416 1948 phanee
442 1863 622 1928 constaret
646 1859 767 1946 (Voep.
787 1863 881 1927 1490:
906 1852 1044 1946 πτήσσει
1069 1855 1226 1942 Φρύνιχος
1241 1849 1285 1936 ὥς
1306 1885 1356 1937 τις
1377 1850 1454 1924 ἀλέ-

276 1994 369 2053 κεωρ.
408 1971 481 2040 Sed
495 1972 579 2038 licet
593 1973 631 2038 in
647 1970 715 2038 hoc
731 1971 822 2037 nihil
841 1973 936 2038 extet
952 1992 1110 2038 conexus
1128 1972 1222 2039 inter
1237 1992 1307 2056 ece,
1331 1973 1375 2040 de
1390 1973 1454 2040 illa

275 2082 510 2151 similitudine
533 2081 693 2150 dubitari
715 2102 789 2148 non
809 2086 934 2168 potest.

360 2247 402 2329 ²⁹)
424 2245 527 2313 Licet
541 2246 686 2312 brevior
706 2244 813 2311 fuerit
827 2243 948 2312 Persis
965 2244 1186 2330 Aeschyleis
1210 2249 1332 2314 tamen
1346 2247 1453 2315 uber-

273 2361 345 2426 tate
368 2358 492 2444 aliqua
513 2376 571 2423 res
588 2356 769 2441 expositas
790 2374 867 2422 esse
884 2354 1082 2439 credemus
1106 2357 1137 2422 si
1152 2355 1451 2443 computabimus,

274 2468 417 2536 cladem
439 2466 633 2534 Persarum
657 2486 750 2552 quae
774 2466 871 2551 apud
887 2464 1111 2551 Aeschylum
1126 2470 1237 2534 11249
1256 2469 1451 2553 nuntiatur,

273 2581 309 2644 in
334 2578 403 2645 hac
425 2577 552 2644 fabula
572 2577 699 2663 primis
723 2577 886 2644 versibus
908 2579 997 2644 teste
1021 2575 1160 2644 Glauco
1187 2578 1341 2646 relatam
1363 2600 1450 2648 esse.

360 2724 399 2806 ³⁰)
423 2722 523 2803 Quae
554 2723 668 2790 verba
698 2721 882 2790 Hecataeo
918 2723 1044 2791 tribuit
1079 2721 1134 2790 III
1165 2727 1220 2790 36:
1259 2715 1364 2800 ἄλλως
1393 2721 1452 2805 μὲν

274 2826 424 2916 οὐδαμῶς
444 2829 507 2920 ἔφη
530 2830 630 2917 λέγων
656 2829 771 2918 ε’νοριῖν
793 2825 944 2914 ἐσόμενον
965 2832 1078 2917 rodco,
1102 2834 1235 2902 Similia
1257 2839 1350 2918 sunt,
1374 2837 1452 2924 qui·

273 2950 340 3014 bus
367 2946 485 3024 1118,
513 2945 599 3012 Bias
627 2945 841 3012 adhortatur
868 2947 965 3012 cives
988 2964 1086 3010 suos:
1123 2941 1255 3025 μένουσι
1278 2942 1314 3008 δέ
1337 2967 1396 3031 σφι
1420 2945 1453 3008 ἐν

276 3059 313 3144 νῇ
334 3049 435 3143 Ἰωνίῃ
459 3045 517 3120 οὐκ
543 3051 604 3141 ἔφη
632 3053 743 3138 ἐνορᾶν
771 3050 956 3140 ἐλευθερίην
983 3049 1032 3118 ἔτι
1054 3052 1216 3140 ἐσομένην.
1264 3055 1452 3140 Significa-

273 3173 331 3235 tur
363 3169 419 3234 his
450 3168 603 3233 fortasse
636 3165 745 3231 fontis
778 3165 959 3251 quaedam
991 3167 1239 3232 communitas,
1291 3165 1452 3234 Coniicio

274 3281 383 3359 enim,
416 3278 509 3343 sicut
540 3276 697 3360 saepius,
729 3275 788 3342 hic
816 3295 958 3362 quoque
985 3277 1179 3342 sententias
1203 3277 1382 3362 quasdam
1405 3279 1451 3345 ab

274 3391 334 3472 ein,
360 3388 422 3474 qui
445 3386 695 3452 auctoritatem
718 3405 845 3451 earum
868 3405 1002 3470 augere
1025 3388 1209 3472 cuperent,
1233 3386 1341 3453 claris
1363 3388 1450 3454 viris

274 3500 410 3566 tributa
432 3516 519 3565 esse.
557 3495 683 3563 Partes
707 3497 886 3584 quasdam
910 3497 1045 3564 civium
1060 3496 1176 3564 Mileti
1196 3497 1307 3564 tuisse
1330 3517 1452 3564 rerum

274 3629 455 3677 novarum
470 3607 651 3674 studiosas
668 3608 821 3692 cogitari
835 3610 960 3693 potest,
984 3607 1115 3693 quibus
1135 3607 1200 3674 illa
1223 3606 1452 3694 demigrandi

275 3719 425 3788 consilia
438 3720 632 3807 placerent,
649 3719 716 3785 etsi
731 3719 885 3786 certiora
899 3719 1120 3802 ignoramus.
1158 3718 1336 3787 Videmus
1356 3723 1451 3787 certe

274 3831 498 3899 Hecataeum
520 3851 663 3918 quoquo
685 3832 787 3897 tanta
805 3830 962 3896 nominis
983 3829 1092 3898 laude
1114 3830 1290 3914 floruisse,
1312 3836 1353 3897 ut
1374 3832 1451 3898 eius

276 3943 487 4011 auctoritate
510 3941 676 4009 homines
691 3941 831 4008 factiosi
853 3941 1006 4009 consilia
1021 3960 1089 4008 sua
1110 3943 1248 4011 civitati
1270 3962 1451 4010 commen-

276 4054 356 4121 dari
379 4052 610 4121 confiderent.
650 4079 651 4082 ¹

361 4192 400 4272 31)
422 4189 627 4257 Hecataeus
654 4189 765 4256 aliam
792 4189 836 4256 de
858 4188 1022 4273 Pelasgis
1049 4188 1295 4255 narrationem
1315 4188 1452 4275 profert

276 4306 383 4390 atque
404 4300 657 4383 Atheniensem
680 4301 744 4366 sed
766 4299 837 4366 hac
859 4320 898 4366 re
919 4319 994 4366 non
1016 4297 1110 4365 effici
1132 4301 1218 4384 puto
1241 4319 1324 4366 eum
1338 4298 1450 4367 Athe-

276 4432 343 4479 nas
366 4413 517 4480 venisse.
562 4409 658 4477 Nam
688 4410 768 4478 fieri
794 4412 911 4497 potest
937 4411 977 4476 ut
998 4411 1189 4496 utramque
1221 4409 1451 4478 traditionem

278 4525 437 4608 noverit,
476 4524 629 4592 alteram
666 4522 736 4589 sibi
771 4521 963 4608 probatam
999 4540 1111 4588 unam.
1147 4520 1317 4588 retulerit.
1372 4520 1449 4588 Nec

1265 4622 1295 4675 3*
