3496 5248
746 559 956 624 ..34-

264 747 487 832 scriptorem,
511 746 574 832 qui
588 746 664 831 ipse
679 743 826 812 Persico
843 744 941 811 fonte
960 762 1048 810 usus
1069 745 1122 811 sit.
1140 743 1195 811 VI
1210 747 1249 812 33
1272 744 1441 830 legimus:

262 849 304 919 τοὶ
326 843 383 918 ἐπ’
409 845 564 938 ἇσιστερὰ
586 849 758 918 ἐσπλέοντι
777 853 835 917 τοῦ
853 843 1100 939 Ἑλλησπόντου.
1137 853 1363 923 Videbamus
1379 875 1442 922 au-

262 970 335 1033 tem
356 967 429 1034 illis
451 964 647 1034 Herodotei
671 965 788 1053 operis
810 966 974 1052 partibus
993 965 1169 1033 Hecataei
1191 967 1441 1034 auctoritatem

261 1078 437 1146 latissime
457 1081 591 1165 patere,
614 1078 666 1144 ita
687 1079 727 1143 ut
748 1077 803 1144 1111
817 1077 931 1145 verba
950 1097 1043 1164 quae
1066 1077 1225 1145 diximus
1247 1078 1440 1146 tribuenda

261 1189 413 1256 fortasse
435 1189 515 1256 sint.

348 1324 387 1407 26)
415 1325 454 1394 st
483 1325 592 1393 huius
624 1345 767 1413 quoque
793 1327 906 1413 partis
934 1324 1014 1392 fons
1036 1324 1211 1393 Hecataei
1231 1325 1324 1394 liber
1346 1328 1440 1393 esset

261 1437 468 1506 Herodotus
490 1439 528 1504 in
550 1436 644 1505 libro
659 1439 763 1504 tertio
779 1457 853 1504 non
868 1439 949 1523 post
964 1441 1104 1504 sextam
1121 1438 1317 1524 satrapiam
1333 1438 1439 1524 plane

263 1549 374 1615 aliam
410 1548 649 1616 enumerandi
686 1548 863 1614 rationem
893 1549 1106 1616 instituisset
1141 1569 1258 1636 neque
1296 1549 1441 1616 omniuo
1558 1534 1561 1543 '

263 1663 363 1727 tanta
376 1661 535 1746 partium
559 1658 760 1726 differentia
775 1657 837 1725 illo
854 1659 934 1726 loco
953 1659 1140 1727 observari
1154 1662 1283 1746 posset.
1322 1657 1441 1740 Quare

263 1771 405 1838 etiamsi
427 1768 647 1857 quibusdam
669 1769 707 1836 in
728 1769 837 1837 rebus
860 1769 921 1836 ille
949 1789 1033 1836 cum
1054 1768 1239 1837 Herodoto
1265 1772 1441 1838 consentit

264 1880 364 1948 velut
377 1881 419 1949 fr.
439 1883 512 1948 173:
537 1872 687 1964 Πάρθων
700 1873 785 1963 πρὸς
799 1868 892 1965 ἥλιον
908 1867 1080 1959 ἀνίσχοντα
1091 1873 1289 1962 Χοράσμιοι
1305 1874 1440 1955 οἰκοῦσι,

265 1993 342 2060 eius
364 1995 491 2059 auctor
512 2011 583 2058 non
606 1990 723 2058 fuerit.
768 1990 918 2058 Maioris
949 1991 1123 2059 momenti
1153 1990 1310 2075 videtur,
1342 1991 1440 2079 quod

264 2103 478 2170 vestimenta
517 2103 760 2170 barbarorum
800 2102 928 2170 eodem
966 2123 1037 2188 quo
1080 2103 1176 2188 apud
1214 2101 1440 2170 Herodotum

263 2214 372 2281 modo
389 2212 653 2298 describuntur,
675 2213 776 2280 velut
796 2213 838 2280 fr.
858 2217 930 2280 189:
953 2206 985 2276 ot
1008 2209 1044 2275 δὲ
1067 2202 1242 2297 ἅνθρωποι
1266 2212 1439 2294 (Matiani)

264 2321 391 2409 ἐσθῆτα
414 2319 586 2408 φορέουσιν
609 2322 744 2409 οἳηνπτρ
767 2315 995 2409 Παφλαγόνες,
1021 2323 1083 2392 ille
1105 2322 1239 2391 V1172
1262 2317 1387 2408 Λίγυες
1406 2320 1440 2385 δὲ

263 2435 381 2522 inquit
402 2430 460 2497 καὶ
478 2432 650 2520 Ματιηνοὶ
671 2431 729 2498 καὶ
745 2429 976 2519 Μαριανδυνοί
997 2456 1032 2499 τε
1053 2431 1112 2498 καὶ
1127 2427 1240 2519 Σύριοι
1261 2429 1320 2521 τὴν
1342 2422 1441 2520 αὐτὴν

264 2540 385 2625 tirones·
408 2538 611 2631 Παφλαγόσι
633 2539 876 2628 ἐστρατεύοντο·
907 2550 1028 2614 tamen
1054 2566 1284 2614 communem
1306 2546 1441 2612 fontem

263 2657 315 2723 eis
336 2656 447 2724 fuisse
471 2657 695 2724 crediderim.

350 2795 388 2872 27)
413 2781 534 2855 ἆνασπ.
553 2791 607 2860 IV
623 2796 699 2874 2043
724 2791 759 2858 V
777 2797 825 2876 12,
845 2797 920 2875 1063
945 2792 999 2860 VI
1016 2797 1044 2860 9.
1062 2797 1111 2860 20.
1129 2796 1179 2860 32.
1200 2797 1268 2858 119.
1313 2790 1439 2859 Hecat.

263 2903 422 2987 (11143);
446 2903 481 2970 V
495 2907 545 2970 26.
566 2907 625 2970 125
642 2923 710 2989 sq.;
733 2901 787 2970 Vi
812 2907 870 2970 137
889 2923 951 2990 sq„
976 2903 1030 2984 (cf.
1049 2903 1131 2970 adn.
1149 2903 1213 2986 24).

350 3043 388 3123 ²⁸)
413 3039 601 3120 Quaedam
629 3041 705 3107 eius
733 3059 891 3106 conexus
914 3039 1068 3125 vestigia
1093 3061 1191 3107 nunc
1214 3060 1356 3127 qnoque
1379 3061 1440 3106 ex-

263 3155 341 3218 tant
371 3155 407 3218 et
438 3149 568 3218 Glauci
601 3150 778 3217 iudicium
809 3150 1054 3236 comprobant.
1100 3148 1220 3219 Schoi.
1244 3150 1307 3219 Ar.
1331 3149 1439 3237 Vesp.

264 3266 327 3329 220
349 3263 503 3348 legimus
526 3261 595 3329 hoo
613 3259 813 3346 Phrynichi
834 3259 1119 3328 Phoenissarum
1140 3261 1396 3346 fragmentum:
1514 3265 1517 3272 ’

620 3382 778 3453 Σιδώνιον
801 3378 882 3453 α’στν
905 3381 1056 3466 λιπόντες

621 3496 679 3563 καὶ
701 3495 854 3584 δροσερὰν
870 3489 1015 3585 ’Ἀραόον

265 3616 312 3680 et:

571 3719 641 3784 Καὶ
663 3715 805 3799 Σίόωνος
826 3713 1036 3806 προλιπόντα
1059 3715 1144 3801 ναόν,

265 3833 396 3920 quibus
420 3852 465 3899 ex
487 3830 608 3900 Persis
630 3831 722 3901 haec
745 3835 950 3922 comparari
971 3837 1123 3921 possunt
1144 3855 1176 3900 v.
1204 3839 1254 3900 17:

571 3936 609 4007 τὸ
631 3937 779 4007 παλαιὸν
801 3937 942 4009 Κίσσιον
963 3940 1054 4027 ἕρκος

571 4046 791 4140 προλιπόντες
812 4048 892 4136 ἔβαν

265 4170 300 4234 et
322 4168 417 4233 937:

618 4266 808 4363 Ἀγβάτανα
831 4269 1016 4360 προλιπών.

263 4413 493 4501 Phrynichus
509 4435 651 4501 quoque
665 4416 830 4485 fabulam
841 4414 1049 4504 „Aegyptii‘
1066 4418 1279 4505 inscriptam
1294 4436 1439 4504 compo·

265 4526 336 4591 suit
357 4527 450 4592 sicut
472 4525 686 4614 Aeschylus,
708 4529 747 4596 in
769 4549 841 4615 qua
860 4528 1067 4615 Aegyptum
1089 4533 1228 4615 patrem
1252 4549 1336 4597 cum
1357 4528 1441 4596 filiis
