3496 5248
817 528 1028 592 ..25-

329 713 557 800 Babylonem
586 714 625 780 in
655 712 728 780 fine
758 713 890 800 prioris
921 712 1035 800 partis
1067 712 1188 796 adfert,
1220 714 1436 800 priusquam
1467 715 1516 781 ad

329 824 417 891 solis
440 827 560 892 ortum
580 823 863 909 transgreditur3
894 822 933 891 id
961 823 1059 910 quod
1086 843 1131 890 ea
1155 844 1196 891 re
1218 823 1395 910 explicari
1416 826 1515 910 pute,

330 934 428 1023 quod
450 934 594 1002 tabulas
610 932 787 1017 Persicas,
810 954 855 1002 ex
878 934 1010 1020 quibus
1032 933 1129 1002 tituli
1148 935 1319 1021 exscripti
1333 933 1514 1019 videntur,

324 1047 408 1113 ¹vias
424 1044 649 1130 significasse
665 1045 861 1112 verisimile
877 1047 940 1128 est,
963 1045 1095 1131 quibus
1112 1064 1134 1111 a
1152 1045 1269 1131 capite
1291 1046 1397 1130 regni
1412 1043 1514 1114 Susis

258 1171 262 1178 ·
329 1156 378 1223 ad
400 1175 525 1224 omnes
547 1158 668 1242 partes
691 1156 809 1222 nuntii
824 1155 883 1222 vel
904 1155 1016 1240 legati
1037 1155 1282 1223 mittebantur.
1322 1153 1402 1236 Qua
1417 1157 1515 1224 enim

329 1267 403 1334 alia
426 1267 470 1334 de
493 1285 605 1335 causa
626 1266 837 1352 provinciae
860 1265 1025 1351 singulae
1048 1264 1237 1332 radiorum
1254 1265 1374 1333 forma
1396 1286 1418 1332 a
1439 1285 1514 1333 me-

329 1377 399 1445 diis
423 1375 525 1446 Susis
548 1379 868 1445 enumerarentur?
903 1375 981 1443 Has
1006 1379 1128 1444 autem
1143 1377 1222 1444 vias
1244 1397 1319 1442 non
1342 1397 1365 1442 a
1385 1375 1515 1444 Persa-

328 1508 412 1555 rum
442 1487 589 1572 regibus
620 1488 781 1573 primum
811 1486 1022 1554 aedificatas
1055 1506 1147 1570 esse,
1180 1486 1245 1554 sed
1273 1487 1318 1554 ab
1341 1487 1514 1572 Assyriis,

329 1600 526 1685 autequam
562 1597 608 1664 ab
645 1597 719 1664 illis
756 1597 899 1665 subacti
930 1599 1051 1681 erant,
1089 1596 1339 1683 compluribus
1368 1596 1514 1665 indiciis

328 1707 524 1795 Kiepertus
561 1708 648 1775 satis
687 1707 936 1794 comprobavit
958 1707 993 1789 (l.
1010 1707 1066 1790 c).
1111 1705 1230 1794 Caput
1267 1708 1379 1792 igitur
1409 1708 1515 1793 regni

328 1818 495 1905 Babylon
519 1820 610 1901 erat,
636 1838 710 1885 non
733 1816 836 1887 Susa.
881 1817 1170 1910 Nonnumquam
1191 1817 1337 1885 tabulas
1359 1819 1454 1885 inter
1476 1837 1514 1884 se

328 1929 545 2015 discrepare,
566 1931 675 2016 atque
689 1930 904 2015 praesertim
918 1930 957 1996 in
971 1929 1083 1996 initiis
1100 1928 1330 2014 singularum
1343 1929 1513 2015 partium,

328 2039 496 2107 vidimus.
555 2039 840 2126 inscriptionum
876 2038 1023 2125 quidem
1060 2039 1166 2107 nobis
1203 2042 1374 2106 notarum
1410 2038 1515 2106 nulla

326 2150 553 2237 Babylonem
580 2172 621 2218 eo
649 2151 730 2218 loco
761 2150 875 2237 ponit3
906 2153 1029 2217 tamen
1050 2149 1356 2216 verisimillimum
1387 2153 1441 2216 est
1468 2169 1512 2216 ac

325 2280 440 2347 paene
471 2265 611 2330 certum
641 2261 733 2327 alias
765 2281 908 2348 quoque
939 2261 1099 2327 extitisse
1129 2263 1164 2326 et
1191 2261 1237 2328 ab
1260 2259 1334 2328 illis
1362 2260 1511 2346 quidem

330 2370 551 2458 quibusdam
573 2371 683 2438 rebus
705 2371 907 2438 recessisse.

411 2481 456 2548 In
481 2480 540 2548 his
562 2480 789 2567 Babylonem
814 2480 881 2548 tali
906 2481 1015 2547 modo
1043 2479 1193 2547 allatam
1220 2480 1331 2548 fuisse
1357 2501 1431 2548 non
1459 2485 1514 2548 est

289 2595 291 2600 ’
327 2591 416 2678 quin
432 2592 618 2676 cogitetur.
641 2590 833 2658 Eiusmodi
846 2594 968 2658 autem
982 2590 1256 2677 inscriptionem
1271 2592 1513 2678 antiquiorem

325 2701 399 2768 illis
425 2701 536 2768 fuisse
564 2703 727 2787 apparet,
760 2722 845 2770 cum
867 2702 999 2768 veteris
1026 2702 1170 2788 imperii
1191 2702 1336 2787 Assyrii
1358 2701 1513 2786 vestigia

324 2813 363 2880 in
391 2833 434 2880 ea
462 2812 787 2898 deprehendantur.
834 2811 959 2880 Talem
985 2811 1168 2880 Hecataeo
1197 2813 1398 2880 occurrisse
1427 2811 1514 2879 licet

327 2925 554 3010 suspicemur
575 2926 611 2990 et
630 2944 676 2990 ex
691 2945 733 2992 eo
751 2927 897 3010 poetam
911 2926 1118 2991 mutuatum
1139 2942 1226 2990 esse.
1265 2921 1372 3002 Quod
1386 2921 1418 2990 B
1434 2927 1469 2990 et
1483 2921 1517 2989 P

328 3034 375 3102 ab
399 3053 531 3102 occasu
554 3034 641 3100 30113
663 3035 855 3120 incipiunt,
888 3033 981 3100 NBa
1004 3034 1169 3101 ordinem
1191 3035 1354 3116 invertit,
1386 3032 1515 3099 eadem

329 3144 373 3212 de
404 3163 517 3210 causa
546 3142 684 3209 factum
714 3143 867 3209 videtur.
913 3144 1108 3227 Assyrium
1138 3153 1295 3226 regnum
1318 3142 1437 3226 magis
1465 3142 1514 3208 ad

328 3252 415 3320 solis
439 3271 610 3319 occasum
633 3252 828 3337 spectabat,
850 3251 1048 3318 Persarum
1069 3251 1160 3318 fines
1183 3253 1301 3336 magis
1325 3253 1514 3339 magisque

330 3363 378 3430 ad
414 3363 589 3429 orientem
623 3360 738 3428 solem
770 3362 1060 3447 proferebantur,
1094 3360 1180 3448 Cyri
1210 3363 1369 3429 maxime
1401 3382 1513 3448 expu-

329 3473 576 3560 gnationibus
607 3473 674 3539 etsi
696 3473 800 3541 nobis
822 3472 1016 3540 traditione
1039 3474 1258 3559 scriptorum
1285 3471 1512 3541 Graecorum

329 3585 472 3652 notiora
495 3585 587 3667 sunt,
611 3603 703 3671 quae
725 3584 765 3651 in
788 3583 1073 3652 occidentalibus
1095 3585 1202 3651 terris
1217 3587 1416 3669 gesserimt.
1453 3585 1514 3653 Ab

330 3695 492 3781 Assyriis
516 3697 636 3761 autem
650 3693 783 3762 Persas
800 3695 848 3762 ad
870 3695 1088 3762 imitandum
1105 3698 1181 3762 tam
1196 3714 1396 3782 propensos
1410 3696 1516 3762 tabu-

330 3805 452 3872 larum
479 3824 621 3896 quoque
648 3805 797 3872 illarum
822 3825 962 3872 morem
987 3809 1023 3874 et
1045 3826 1128 3874 cum
1151 3807 1195 3874 iis
1219 3806 1386 3874 ordinem
1408 3807 1517 3873 etiam

330 3916 437 3983 illum
467 3935 662 4002 usurpasse
694 3917 781 3982 satis
811 3917 890 3983 veri
927 3917 1044 3986 simile
1075 3922 1137 3986 est.
1191 3915 1330 3983 Ultima
1361 3916 1519 4003 deniquo

332 4026 444 4096 Darei
472 4030 586 4094 aetate
612 4047 730 4114 neque
753 4048 838 4094 vero
865 4031 947 4114 post
969 4029 1184 4097 seditionem
1205 4026 1375 4094 Jonicam
1398 4045 1518 4094 sense-

333 4141 420 4205 rrmt
441 4158 612 4205 errorem.
1260 4158 1265 4166 ·

419 4247 638 4316 Accuratius
665 4251 885 4336 quibusnam
912 4249 1114 4316 rationibus
1140 4267 1265 4315 rerum
1286 4247 1519 4316 Persicorum

333 4360 462 4428 notitia
487 4361 693 4446 peruenerit
719 4361 767 4428 ad
790 4359 951 4428 Graecos
977 4360 1191 4443 investigari
1214 4379 1289 4427 non
1310 4379 1416 4446 posse
1443 4358 1519 4426 iam

337 4471 506 4538 diximus.
551 4470 687 4537 Tamen
712 4468 797 4537 huic
825 4490 968 4556 quoque
991 4471 1194 4557 quaestioni
1216 4471 1286 4537 viri
1315 4470 1412 4537 docti
1435 4489 1518 4556 ope-
