3496 5248
727 551 941 617 ..36-

247 740 394 810 omnino
409 740 553 808 videtur
568 739 771 806 testimonio
790 758 879 825 opus
903 759 980 807 esse
995 759 1078 806 eum
1101 742 1163 827 qui
1177 744 1230 808 tot
1251 745 1366 810 terras
1389 749 1424 812 et

246 853 356 921 urbes
388 852 521 930 viserit
554 851 794 919 clarissimam
819 847 994 919 Graeciae
1024 852 1153 920 urbem
1178 874 1251 920 non
1280 855 1422 923 adiisse.

247 962 320 1033 Sed
340 964 422 1050 ipsa
442 947 619 1030 Herodoti
641 961 753 1029 verba
775 981 918 1048 quoque
940 963 1154 1048 significant.
1198 963 1424 1035 Hecataeum

247 1075 344 1142 enim
365 1075 404 1141 in
425 1073 634 1140 narratione
656 1071 818 1140 attulisse
841 1073 929 1141 dicit
954 1066 1016 1160 τὴν
1032 1067 1138 1158 χώρην
1157 1067 1216 1159 τήν
1237 1097 1332 1161 σφισι
1357 1073 1422 1142 ὑπὸ

246 1180 303 1250 τὸν
321 1174 485 1270 Ὑμησσὸν
507 1181 625 1248 ἐοῦσαν
639 1186 675 1251 et
694 1185 799 1264 τεῖχος
820 1177 857 1247 νδ
881 1181 959 1269 περὶ
974 1178 1032 1271 τὴν
1054 1173 1235 1270 ἀκρόπολίν
1256 1210 1331 1254 κοτε
1352 1186 1423 1274 ἕλη-

247 1293 386 1378 λαμένον
409 1299 444 1364 et
465 1298 600 1364 terram
622 1296 725 1363 illam
747 1296 814 1363 sub
837 1295 1010 1382 Hymetto
1033 1298 1140 1365 sitam
1162 1291 1318 1382 πρότερον
1339 1291 1421 1364 εἶναι

247 1400 351 1494 κακήν
371 1402 478 1470 τεκαὶ
492 1399 698 1492 τοῦμηδενὸς
713 1393 805 1490 ἀξίην
828 1426 911 1473 eum
929 1407 1109 1475 rettulisse
1125 1411 1284 1478 testatur.
1322 1411 1423 1480 Haeo

248 1521 299 1587 ita
321 1518 525 1586 describere
553 1537 626 1584 non
648 1520 801 1604 poterat,
828 1518 899 1584 nisi
920 1518 997 1604 ipse
1019 1519 1180 1587 Atticam
1205 1524 1240 1588 et
1261 1521 1423 1590 Athenas

247 1631 407 1698 vidisset.
435 1665 477 1676 -
508 1626 659 1697 Constat
687 1627 891 1696 Miltiadem
921 1628 1100 1696 Lemnum
1132 1651 1359 1718 expugnasse
1390 1637 1424 1701 et

247 1741 431 1827 Pelasgos,
453 1743 494 1808 ut
514 1738 721 1807 Herodotus
745 1739 841 1823 dicit,
864 1740 982 1807 ultum
1005 1759 1092 1808 esse.
1137 1740 1271 1811 Nescio
1296 1765 1342 1811 an
1365 1766 1424 1812 co·

248 1852 439 1939 gitandum
461 1852 507 1918 sit
528 1851 567 1918 in
582 1850 804 1918 familiarum
826 1850 1060 1937 quarendum
1083 1856 1200 1937 coetu,
1225 1874 1318 1940 quae
1338 1855 1424 1923 Phi-

248 1964 357 2033 laldis
380 1963 622 2031 obtrectarent
652 1964 687 2029 et
716 1961 945 2045 inviderent‚'
970 1962 1070 2029 velut
1091 1964 1424 2048 Alcmeonidarum,

248 2074 346 2158 (Her.
367 2073 421 2141 VI
438 2072 522 2158 126),
544 2073 645 2140 illam
665 2073 869 2140 versionem
891 2073 1027 2139 cultam
1051 2077 1086 2140 et
1106 2074 1219 2142 fotam
1242 2097 1329 2159 esse,
1353 2098 1425 2164 qua

248 2185 422 2254 Miltiadis
445 2184 572 2251 laudes
591 2184 764 2251 Lemniae
786 2184 1094 2252 imminuerentur.
1131 2185 1188 2253 Ex
1208 2186 1280 2254 illis
1303 2191 1423 2256 autem

248 2295 478 2382 Hagesandri
498 2293 596 2362 filius
619 2314 686 2362 sua
707 2296 907 2381 comperire
929 2298 1077 2382 poterat.

333 2405 461 2492 Neque
477 2407 636 2488 deerant,
659 2425 752 2494 quae
766 2404 998 2472 traditionem
1012 2405 1289 2475 Atheniensium
1304 2411 1337 2476 ei
1357 2411 1423 2477 im-

248 2517 450 2608 probarent.
493 2516 657 2584 Primum
680 2517 777 2584 enim
798 2515 863 2584 illa
886 2515 930 2583 de
951 2515 1191 2602 Pelasgorum
1213 2519 1251 2585 in
1273 2519 1425 2587 feminas

249 2627 487 2698 Athenienses
520 2628 670 2698 crimine
700 2628 861 2694 narratio
897 2628 1141 2714 suspicionem
1171 2630 1248 2696 eius
1279 2651 1424 2698 movere

249 2743 398 2829 poterat,
421 2739 520 2827 quod
543 2737 676 2806 similia
698 2738 749 2806 eis
772 2743 876 2806 erant
897 2758 990 2826 quae
1012 2739 1057 2806 de
1080 2743 1186 2826 raptu
1208 2740 1425 2809 feminarum

249 2853 445 2940 posteriore
472 2849 760 2937 proferebantur:
792 2848 981 2934 Pelasgos,
1014 2853 1054 2916 ut
1074 2848 1315 2920 Athenienses
1336 2852 1426 2921 ulci-

250 2966 443 3045 scerentur,
467 2961 655 3028 Braurona
670 2962 721 3029 eis
737 2960 846 3028 festos
863 2960 939 3027 dies
956 2961 1221 3030 celebrantibus
1236 2963 1425 3031 insidiatos

250 3095 327 3144 esse
350 3077 384 3143 et
409 3073 552 3141 feminis
579 3092 705 3139 eorum
732 3072 845 3158 raptis
867 3071 1047 3140 Lemnum
1077 3074 1228 3142 rediisse
1251 3073 1347 3158 (Her.
1373 3075 1426 3142 VI

253 3188 335 3270 138).
379 3185 476 3252 Fieri
497 3186 639 3270 poterat
668 3185 708 3249 ut
729 3182 968 3251 Athenienses
996 3204 1041 3251 ex
1064 3185 1234 3270 analogia
1254 3187 1425 3272 posterio-

249 3298 301 3366 ris
328 3295 449 3365 delicti
481 3295 597 3362 simile
620 3293 805 3382 quoddam
830 3295 907 3361 iarn
930 3297 1036 3361 antea
1062 3295 1199 3362 sachun
1221 3315 1298 3364 esse
1325 3296 1425 3363 effin-

250 3411 378 3494 gerent
407 3427 479 3494 quo
517 3424 621 3473 suam
657 3406 696 3473 in
730 3405 812 3472 illos
847 3407 1019 3472 iniuriam
1049 3409 1272 3475 excusarent.
1317 3406 1425 3474 Prae-

250 3523 349 3586 terea
370 3515 609 3585 Athenienses
637 3516 806 3584 dicebant
834 3535 872 3583 se
903 3509 1027 3601 παρεὸν
1064 3505 1193 3580 αὐτοῖσι
1231 3505 1426 3581 ἀποκτεῖναι

250 3651 287 3693 ro
297 3622 325 3704 *g
340 3620 530 3710 Πελασγοὺς
551 3622 626 3691 ἐπεί
642 3647 745 3712 σφεας
760 3620 876 3711 ἔλαβον
891 3617 1162 3710 ἐπιβουλεύοντας
1177 3614 1236 3690 οὖν
1259 3622 1426 3714 ἐθελῆσαι,

252 3729 337 3804 ἄλλά
352 3759 413 3823 σφι
428 3739 602 3820 προειπεῖν
616 3732 652 3801 ἐκ
666 3738 723 3823 τῆς
745 3738 801 3824 γῆς
823 3733 951 3817 ἐξιέναι.
990 3736 1119 3805 Merito
1143 3740 1269 3824 quaeri
1290 3743 1430 3827 poterat

253 3869 433 3941 quaenam
455 3846 650 3932 singularis
677 3848 775 3916 illius
803 3850 1014 3918 clementiae
1036 3867 1148 3916 causa
1169 3849 1308 3933 brisset3
1336 3872 1429 3938 quae
1515 3835 1517 3840 ’

253 3982 337 4032 cum
363 3959 485 4028 afferri
514 3978 587 4026 non
616 3962 738 4046 posset
767 3962 842 4026 tota
866 3962 1028 4030 narratio
1052 3961 1305 4028 commenticia
1330 3963 1429 4030 vide-

251 4075 368 4142 batur.
406 4071 446 4142 Si
460 4072 661 4157 cogitamus
677 4072 831 4157 quantas
846 4091 981 4156 poenas
998 4070 1129 4139 Graeci
1150 4073 1308 4141 maxime
1328 4073 1430 4140 femi-

252 4204 385 4253 narum
410 4183 617 4251 violationis
644 4199 831 4268 reposcere
859 4180 955 4249 soliti
977 4182 1062 4265 sint,
1085 4182 1185 4250 velut
1204 4184 1326 4270 ipsum
1346 4204 1428 4272 pro-

255 4296 413 4365 oemium
438 4292 615 4361 Herodoti
646 4293 762 4376 docet,
794 4293 858 4361 ubi
892 4293 1110 4377 gravissima
1140 4313 1304 4381 quaeque
1334 4293 1430 4362 holla

255 4407 383 4476 eadem
414 4425 460 4473 ex
492 4423 605 4472 ceusu
633 4403 854 4490 deflagrasse
877 4404 1081 4490 exponitur,
1109 4404 1330 4473 credendum
1355 4425 1429 4472 non

256 4522 318 4602 est,
349 4516 588 4585 Athenienses
620 4517 685 4599 eis,
718 4517 748 4582 si
782 4515 870 4584 talia
900 4536 939 4583 re
965 4536 1053 4583 vera
1080 4516 1322 4602 deliquissent,
1355 4519 1429 4582 tam
