3496 5248
791 533 1000 620 ,419-

303 735 415 802 quam
438 715 484 782 ab
506 713 703 798 Hecataeo,
738 717 814 802 qui,
847 716 878 782 si
899 713 1127 782 Herodotum
1156 735 1240 781 eum
1264 717 1484 802 expressisse

304 826 546 909 concedimus
571 826 846 911 diligentissime
868 827 967 913 ipsas
988 824 1057 892 has
1074 829 1191 892 terras
1207 825 1407 912 descripsit.
1445 827 1485 897 Si

304 938 506 1022 cogitamus
522 957 545 1002 a
559 935 708 1004 Persica
722 937 880 1024 quadam
905 936 1099 1004 traditione
1120 935 1225 1003 illurn
1240 936 1376 1004 fontem
1396 957 1483 1024 pen-

304 1047 404 1129 dere,
427 1045 598 1114 facillime
622 1048 837 1134 explicatur,
861 1067 927 1115 our
948 1046 1040 1113 Asia
1062 1047 1207 1114 citerior
1228 1048 1267 1114 in
1289 1067 1331 1115 eo
1353 1067 1485 1135 parurn

304 1158 510 1243 diligenter,
542 1157 728 1225 Herodoto
757 1161 851 1225 certe
878 1158 1042 1244 quidem,
1074 1157 1257 1245 descripta
1283 1178 1361 1226 esse
1385 1159 1484 1227 vide-

303 1269 419 1336 batur.
466 1266 562 1348 Quid
584 1269 770 1354 scriptoris
794 1266 925 1336 Graeci
947 1269 1136 1336 interesset
1156 1268 1239 1335 illas
1263 1271 1379 1336 terras
1400 1270 1484 1338 bar-

302 1379 392 1446 baro
424 1378 506 1445 stilo
538 1379 756 1466 perscriptas
785 1379 961 1463 mutuari,
992 1381 1206 1465 praesertim
1237 1400 1322 1446 curn
1349 1381 1485 1467 optima

301 1490 393 1558 fides
415 1489 590 1557 Hecataei
611 1493 754 1576 praesto
777 1493 880 1557 esset.
919 1487 1038 1570 Quare
1054 1489 1275 1558 cuicuimodi
1293 1490 1401 1558 fuerit
1422 1488 1484 1557 ille

160 1641 161 1646 =
301 1601 402 1682 fons,
433 1602 473 1667 in
498 1601 589 1666 Asia
621 1599 835 1686 exponenda
866 1599 1050 1668 Hecataeo
1084 1600 1241 1667 deterior
1271 1601 1379 1696 suerit
1409 1602 1486 1668 sive

304 1709 447 1779 Graeca
469 1712 545 1778 sive
567 1710 727 1778 barbara
750 1711 794 1778 de
817 1712 929 1798 stirpe
947 1710 1131 1798 prodierit.
1171 1709 1484 1779 Contaminatione

304 1825 425 1889 autem
450 1822 515 1889 illa
541 1822 699 1888 duarum
724 1822 962 1889 traditionum
985 1821 1080 1889 effici
1101 1825 1256 1909 poterat,
1288 1825 1329 1888 ut
1352 1825 1486 1890 cetera-

302 1953 386 1999 rum
417 1952 559 2020 quoque
590 1934 749 2020 partium
776 1933 1009 2000 commutatio
1039 1933 1220 2019 quaedam
1243 1936 1337 2000 esset
1363 1953 1488 2001 neees-

302 2043 409 2110 saria.
455 2041 528 2110 Sed
550 2046 728 2129 qnantum
754 2043 847 2110 aliae
874 2043 1048 2126 rationes,
1080 2046 1257 2129 quantum
1287 2063 1389 2110 error
1414 2043 1486 2111 for-

301 2156 398 2220 tasse
426 2154 629 2221 attribuerit
651 2152 698 2220 ad
726 2153 829 2220 illam
852 2153 1166 2220 conturbationem
1185 2156 1348 2220 nostram
1371 2156 1486 2222 scien-

302 2264 391 2331 tiam
427 2263 529 2349 fugit.
582 2265 663 2330 Iam
699 2284 786 2330 vero
823 2265 1043 2349 comparatis
1080 2264 1152 2330 illis
1184 2263 1361 2331 Herodoti
1395 2264 1486 2332 loois

304 2375 537 2456 conabimur,
580 2393 761 2460 quaenam
796 2376 929 2440 natura
966 2375 1169 2441 communis
1206 2393 1331 2441 eorum
1367 2374 1488 2458 fontis,

305 2484 424 2570 qualis
446 2485 485 2549 in
506 2483 576 2550 hoo
600 2484 689 2550 ordo
710 2485 902 2569 regionum
926 2484 1139 2552 observatus
1163 2485 1210 2551 sit
1229 2484 1420 2570 indagare,
1448 2489 1488 2552 ut

304 2592 391 2662 hinc
425 2613 568 2681 quoque
606 2593 839 2680 colligamus,
874 2614 948 2661 non
980 2593 1164 2662 Hecataeo
1197 2595 1262 2662 sed
1297 2597 1488 2681 posteriori

306 2704 455 2772 cuidam
476 2704 547 2772 hcc
569 2705 802 2774 tribuendum
825 2725 918 2773 esse:

390 2867 476 2936 Her.
500 2867 556 2935 Ill
579 2872 618 2934 91
642 2888 718 2954 sqq.
1163 2866 1236 2934 VH
1260 2871 1298 2934 61
1323 2887 1399 2955 sqq.

393 2978 496 3062 Susa,
521 2977 639 3046 Cissia
1157 2977 1291 3045 Persae

390 3089 559 3175 Babylon
580 3089 735 3173 Assyria

390 3201 587 3282 Agbatana
608 3202 644 3263 et
665 3201 785 3263 cetera
1159 3195 1260 3264 Medi

389 3306 514 3374 Media
1160 3303 1268 3374 Cissii

391 3416 575 3486 Paricanii
606 3417 770 3504 aliaeque
797 3420 923 3502 gentes

411 3529 567 3614 ignotae.
606 3527 729 3615 Caspii
747 3527 946 3596 Pausioae-

412 3638 637 3706 Pantimathi
645 3639 804 3722 Daritae,
816 3638 921 3725 (quos
1158 3638 1337 3725 Hyreanii

413 3749 571 3818 Steinius
587 3750 636 3817 ad,
649 3749 705 3816 ΙΠ
720 3754 772 3833 92,
788 3754 817 3832 6,
828 3749 924 3834 Hyr—

413 3860 538 3927 caniae
554 3861 704 3946 originis
720 3879 799 3927 esse
813 3862 926 3946 putat.

387 4031 397 4049 .
1155 3973 1299 4057 Assyrii

392 4080 584 4148 Bactriana
1161 4080 1293 4150 Bactri.

392 4251 545 4338 Assyria
565 4252 604 4317 in
626 4255 779 4337 utraque
806 4251 932 4318 tabula
958 4250 1050 4317 falso
1074 4251 1249 4336 disposita
1271 4253 1427 4338 videtur,
1450 4254 1487 4319 in

306 4364 426 4449 priore
453 4365 535 4429 ante
557 4360 735 4444 Mediam,
763 4363 801 4427 in
822 4360 892 4428 hac
919 4364 1002 4448 post
1021 4359 1262 4445 Hyrcaniam3
1290 4367 1373 4431 ante
1393 4362 1489 4449 Hyr-

308 4474 452 4540 caniam
475 4492 555 4539 eam
578 4470 829 4539 collocandam
851 4471 962 4536 fuisse
976 4473 1014 4537 in
1040 4472 1224 4537 communi
1245 4472 1343 4540 fonte
1365 4473 1487 4559 colligi

1302 4573 1336 4626 2*
