<?xml version="1.0" encoding="UTF-8"?>
<!DOCTYPE html PUBLIC "-//W3C//DTD XHTML 1.0 Transitional//EN"
    "http://www.w3.org/TR/xhtml1/DTD/xhtml1-transitional.dtd">
<html xmlns="http://www.w3.org/1999/xhtml" xml:lang="en" lang="en">
 <head>
  <title>
</title>
<meta http-equiv="Content-Type" content="text/html;charset=utf-8" />
  <meta name='ocr-system' content='tesseract 3.04.00' />
  <meta name='ocr-capabilities' content='ocr_page ocr_carea ocr_par ocr_line ocrx_word'/>
</head>
<body>
  <div class='ocr_page' id='page_1' title='image "./quaestioneshero00friegoog_0030.png"; bbox 0 0 3496 5248; ppageno 0'>
   <div class='ocr_carea' id='block_1_1' title="bbox 800 529 1010 590">
    <p class='ocr_par' dir='ltr' id='par_1_1' title="bbox 800 529 1010 590">
     <span class='ocr_line' id='line_1_1' title="bbox 800 529 1010 590; baseline 0 -20"><span class='ocrx_word' id='word_1_1' title='bbox 800 529 1010 590; x_wconf 70' lang='lat'>„21-</span> 
     </span>
    </p>
   </div>
   <div class='ocr_carea' id='block_1_2' title="bbox 311 709 1543 4552">
    <p class='ocr_par' dir='ltr' id='par_1_2' title="bbox 311 709 1503 3210">
     <span class='ocr_line' id='line_1_2' title="bbox 313 709 1499 798; baseline 0.002 -22"><span class='ocrx_word' id='word_1_2' title='bbox 313 711 522 796; x_wconf 86' lang='lat' dir='ltr'>graviorem</span> <span class='ocrx_word' id='word_1_3' title='bbox 545 709 827 777; x_wconf 80' lang='lat' dir='ltr'>enumerationis</span> <span class='ocrx_word' id='word_1_4' title='bbox 851 730 938 778; x_wconf 87' lang='lat' dir='ltr'>suae</span> <span class='ocrx_word' id='word_1_5' title='bbox 956 710 1067 777; x_wconf 90' lang='lat' dir='ltr'>finem</span> <span class='ocrx_word' id='word_1_6' title='bbox 1081 711 1281 798; x_wconf 79' lang='lat' dir='ltr'>praeberet,</span> <span class='ocrx_word' id='word_1_7' title='bbox 1304 711 1408 778; x_wconf 89' lang='lat' dir='ltr'>cuius</span> <span class='ocrx_word' id='word_1_8' title='bbox 1425 732 1499 778; x_wconf 91' lang='lat' dir='ltr'>non</span> 
     </span>
     <span class='ocr_line' id='line_1_3' title="bbox 314 820 1499 908; baseline 0.001 -20"><span class='ocrx_word' id='word_1_9' title='bbox 314 821 434 888; x_wconf 91' lang='lat' dir='ltr'>solum</span> <span class='ocrx_word' id='word_1_10' title='bbox 453 823 652 904; x_wconf 78' lang='lat' dir='ltr'>interesset,</span> <span class='ocrx_word' id='word_1_11' title='bbox 676 840 800 889; x_wconf 90' lang='lat' dir='ltr'>omnes</span> <span class='ocrx_word' id='word_1_12' title='bbox 822 821 976 908; x_wconf 90' lang='lat' dir='ltr'>populos</span> <span class='ocrx_word' id='word_1_13' title='bbox 991 822 1095 906; x_wconf 87' lang='lat' dir='ltr'>regni</span> <span class='ocrx_word' id='word_1_14' title='bbox 1117 820 1256 888; x_wconf 80' lang='lat' dir='ltr'>Persici</span> <span class='ocrx_word' id='word_1_15' title='bbox 1276 821 1499 908; x_wconf 87' lang='lat' dir='ltr'>perlustrare</span> 
     </span>
     <span class='ocr_line' id='line_1_4' title="bbox 314 930 1500 1019; baseline 0 -20"><span class='ocrx_word' id='word_1_16' title='bbox 314 933 380 1000; x_wconf 91' lang='lat' dir='ltr'>sed</span> <span class='ocrx_word' id='word_1_17' title='bbox 401 931 691 1016; x_wconf 79' lang='lat' dir='ltr'>magnitudinem</span> <span class='ocrx_word' id='word_1_18' title='bbox 714 934 749 998; x_wconf 90' lang='lat' dir='ltr'>et</span> <span class='ocrx_word' id='word_1_19' title='bbox 771 932 847 998; x_wconf 89' lang='lat' dir='ltr'>vim</span> <span class='ocrx_word' id='word_1_20' title='bbox 862 930 976 999; x_wconf 89' lang='lat' dir='ltr'>hostis</span> <span class='ocrx_word' id='word_1_21' title='bbox 1000 932 1132 999; x_wconf 85' lang='lat' dir='ltr'>devicti</span> <span class='ocrx_word' id='word_1_22' title='bbox 1154 933 1295 1000; x_wconf 88' lang='lat' dir='ltr'>civibus</span> <span class='ocrx_word' id='word_1_23' title='bbox 1318 933 1392 999; x_wconf 89' lang='lat' dir='ltr'>suis</span> <span class='ocrx_word' id='word_1_24' title='bbox 1416 953 1500 1019; x_wconf 88' lang='lat' dir='ltr'>pro-</span> 
     </span>
     <span class='ocr_line' id='line_1_5' title="bbox 313 1040 1501 1128; baseline 0 -18"><span class='ocrx_word' id='word_1_25' title='bbox 313 1043 407 1110; x_wconf 88' lang='lat' dir='ltr'>ferre</span> <span class='ocrx_word' id='word_1_26' title='bbox 440 1043 533 1109; x_wconf 88' lang='lat' dir='ltr'>siout</span> <span class='ocrx_word' id='word_1_27' title='bbox 565 1043 602 1108; x_wconf 90' lang='lat' dir='ltr'>in</span> <span class='ocrx_word' id='word_1_28' title='bbox 635 1043 787 1128; x_wconf 89' lang='lat' dir='ltr'>septimo</span> <span class='ocrx_word' id='word_1_29' title='bbox 817 1041 911 1109; x_wconf 91' lang='lat' dir='ltr'>libro</span> <span class='ocrx_word' id='word_1_30' title='bbox 942 1040 1129 1109; x_wconf 83' lang='lat' dir='ltr'>Homerici</span> <span class='ocrx_word' id='word_1_31' title='bbox 1160 1043 1310 1110; x_wconf 89' lang='lat' dir='ltr'>navium</span> <span class='ocrx_word' id='word_1_32' title='bbox 1343 1043 1501 1128; x_wconf 88' lang='lat' dir='ltr'>catalogi</span> 
     </span>
     <span class='ocr_line' id='line_1_6' title="bbox 314 1151 1500 1240; baseline 0 -20"><span class='ocrx_word' id='word_1_33' title='bbox 314 1173 464 1236; x_wconf 89' lang='lat' dir='ltr'>memor,</span> <span class='ocrx_word' id='word_1_34' title='bbox 488 1152 617 1220; x_wconf 90' lang='lat' dir='ltr'>eodem</span> <span class='ocrx_word' id='word_1_35' title='bbox 632 1171 721 1218; x_wconf 90' lang='lat' dir='ltr'>usus</span> <span class='ocrx_word' id='word_1_36' title='bbox 736 1152 843 1234; x_wconf 81' lang='lat' dir='ltr'>fonte,</span> <span class='ocrx_word' id='word_1_37' title='bbox 859 1151 1055 1219; x_wconf 89' lang='lat' dir='ltr'>Persarum</span> <span class='ocrx_word' id='word_1_38' title='bbox 1071 1153 1194 1240; x_wconf 88' lang='lat' dir='ltr'>copias</span> <span class='ocrx_word' id='word_1_39' title='bbox 1214 1155 1388 1239; x_wconf 86' lang='lat' dir='ltr'>exposuit.</span> <span class='ocrx_word' id='word_1_40' title='bbox 1419 1153 1500 1220; x_wconf 91' lang='lat' dir='ltr'>Hoc</span> 
     </span>
     <span class='ocr_line' id='line_1_7' title="bbox 312 1262 1499 1350; baseline -0.001 -19"><span class='ocrx_word' id='word_1_41' title='bbox 312 1264 422 1331; x_wconf 91' lang='lat' dir='ltr'>modo</span> <span class='ocrx_word' id='word_1_42' title='bbox 438 1263 523 1330; x_wconf 89' lang='lat' dir='ltr'>illae</span> <span class='ocrx_word' id='word_1_43' title='bbox 540 1263 803 1348; x_wconf 82' lang='lat' dir='ltr'>discrepantiae</span> <span class='ocrx_word' id='word_1_44' title='bbox 820 1262 945 1330; x_wconf 90' lang='lat' dir='ltr'>dubito</span> <span class='ocrx_word' id='word_1_45' title='bbox 962 1283 1009 1329; x_wconf 92' lang='lat' dir='ltr'>an</span> <span class='ocrx_word' id='word_1_46' title='bbox 1029 1263 1204 1349; x_wconf 87' lang='lat' dir='ltr'>explicari</span> <span class='ocrx_word' id='word_1_47' title='bbox 1218 1265 1366 1350; x_wconf 86' lang='lat' dir='ltr'>possint.</span> <span class='ocrx_word' id='word_1_48' title='bbox 1405 1263 1499 1330; x_wconf 92' lang='lat' dir='ltr'>Pon·</span> 
     </span>
     <span class='ocr_line' id='line_1_8' title="bbox 314 1373 1500 1457; baseline -0.001 -15"><span class='ocrx_word' id='word_1_49' title='bbox 314 1376 405 1442; x_wconf 91' lang='lat' dir='ltr'>ticas</span> <span class='ocrx_word' id='word_1_50' title='bbox 433 1377 555 1440; x_wconf 88' lang='lat' dir='ltr'>autern</span> <span class='ocrx_word' id='word_1_51' title='bbox 586 1373 670 1439; x_wconf 89' lang='lat' dir='ltr'>illas</span> <span class='ocrx_word' id='word_1_52' title='bbox 702 1376 827 1457; x_wconf 79' lang='lat' dir='ltr'>gentes</span> <span class='ocrx_word' id='word_1_53' title='bbox 853 1393 927 1439; x_wconf 90' lang='lat' dir='ltr'>non</span> <span class='ocrx_word' id='word_1_54' title='bbox 954 1376 1030 1439; x_wconf 89' lang='lat' dir='ltr'>tam</span> <span class='ocrx_word' id='word_1_55' title='bbox 1057 1376 1225 1441; x_wconf 89' lang='lat' dir='ltr'>accurate</span> <span class='ocrx_word' id='word_1_56' title='bbox 1252 1375 1291 1441; x_wconf 86' lang='lat' dir='ltr'>in</span> <span class='ocrx_word' id='word_1_57' title='bbox 1316 1373 1500 1442; x_wconf 88' lang='lat' dir='ltr'>Hecataeo</span> 
     </span>
     <span class='ocr_line' id='line_1_9' title="bbox 318 1483 1500 1571; baseline -0.001 -18"><span class='ocrx_word' id='word_1_58' title='bbox 318 1486 478 1570; x_wconf 86' lang='lat' dir='ltr'>digestas</span> <span class='ocrx_word' id='word_1_59' title='bbox 502 1485 599 1568; x_wconf 88' lang='lat' dir='ltr'>legit,</span> <span class='ocrx_word' id='word_1_60' title='bbox 623 1485 755 1571; x_wconf 91' lang='lat' dir='ltr'>quippe</span> <span class='ocrx_word' id='word_1_61' title='bbox 772 1483 816 1551; x_wconf 91' lang='lat' dir='ltr'>de</span> <span class='ocrx_word' id='word_1_62' title='bbox 840 1484 972 1570; x_wconf 75' lang='lat' dir='ltr'>uiribus</span> <span class='ocrx_word' id='word_1_63' title='bbox 997 1483 1056 1551; x_wconf 94' lang='lat' dir='ltr'>hic</span> <span class='ocrx_word' id='word_1_64' title='bbox 1071 1485 1150 1570; x_wconf 90' lang='lat' dir='ltr'>ipse</span> <span class='ocrx_word' id='word_1_65' title='bbox 1171 1485 1326 1552; x_wconf 87' lang='lat' dir='ltr'>certiora</span> <span class='ocrx_word' id='word_1_66' title='bbox 1346 1505 1421 1551; x_wconf 92' lang='lat' dir='ltr'>non</span> <span class='ocrx_word' id='word_1_67' title='bbox 1441 1505 1500 1553; x_wconf 93' lang='lat' dir='ltr'>co-</span> 
     </span>
     <span class='ocr_line' id='line_1_10' title="bbox 316 1593 1501 1683; baseline 0.001 -21"><span class='ocrx_word' id='word_1_68' title='bbox 316 1597 452 1682; x_wconf 89' lang='lat' dir='ltr'>gnovit.</span> <span class='ocrx_word' id='word_1_69' title='bbox 491 1593 696 1680; x_wconf 84' lang='lat' dir='ltr'>Aeschylus</span> <span class='ocrx_word' id='word_1_70' title='bbox 712 1615 865 1681; x_wconf 90' lang='lat' dir='ltr'>quoque,</span> <span class='ocrx_word' id='word_1_71' title='bbox 888 1615 995 1682; x_wconf 82' lang='lat' dir='ltr'>quem</span> <span class='ocrx_word' id='word_1_72' title='bbox 1011 1594 1237 1662; x_wconf 87' lang='lat' dir='ltr'>Hecataeum</span> <span class='ocrx_word' id='word_1_73' title='bbox 1260 1596 1363 1683; x_wconf 91' lang='lat' dir='ltr'>sequi</span> <span class='ocrx_word' id='word_1_74' title='bbox 1385 1597 1501 1683; x_wconf 89' lang='lat' dir='ltr'>suspi-</span> 
     </span>
     <span class='ocr_line' id='line_1_11' title="bbox 315 1705 1500 1792; baseline 0 -18"><span class='ocrx_word' id='word_1_75' title='bbox 315 1708 387 1775; x_wconf 92' lang='lat' dir='ltr'>cati</span> <span class='ocrx_word' id='word_1_76' title='bbox 409 1726 551 1788; x_wconf 88' lang='lat' dir='ltr'>sumus,</span> <span class='ocrx_word' id='word_1_77' title='bbox 584 1705 628 1772; x_wconf 94' lang='lat' dir='ltr'>de</span> <span class='ocrx_word' id='word_1_78' title='bbox 654 1705 824 1772; x_wconf 88' lang='lat' dir='ltr'>ulteriore</span> <span class='ocrx_word' id='word_1_79' title='bbox 846 1707 938 1772; x_wconf 87' lang='lat' dir='ltr'>Asia</span> <span class='ocrx_word' id='word_1_80' title='bbox 966 1706 1203 1773; x_wconf 86' lang='lat' dir='ltr'>brevissimus</span> <span class='ocrx_word' id='word_1_81' title='bbox 1227 1709 1294 1790; x_wconf 88' lang='lat' dir='ltr'>est,</span> <span class='ocrx_word' id='word_1_82' title='bbox 1326 1707 1500 1792; x_wconf 89' lang='lat' dir='ltr'>quoniam</span> 
     </span>
     <span class='ocr_line' id='line_1_12' title="bbox 313 1816 1502 1912; baseline -0.001 -27"><span class='ocrx_word' id='word_1_83' title='bbox 313 1817 482 1885; x_wconf 89' lang='lat' dir='ltr'>videlicet</span> <span class='ocrx_word' id='word_1_84' title='bbox 512 1818 549 1882; x_wconf 91' lang='lat' dir='ltr'>in</span> <span class='ocrx_word' id='word_1_85' title='bbox 582 1816 654 1883; x_wconf 91' lang='lat' dir='ltr'>illis</span> <span class='ocrx_word' id='word_1_86' title='bbox 685 1817 850 1902; x_wconf 89' lang='lat' dir='ltr'>partibus</span> <span class='ocrx_word' id='word_1_87' title='bbox 881 1816 991 1883; x_wconf 85' lang='lat' dir='ltr'>fontis</span> <span class='ocrx_word' id='word_1_88' title='bbox 1026 1817 1174 1885; x_wconf 89' lang='lat' dir='ltr'>ubertas</span> <span class='ocrx_word' id='word_1_89' title='bbox 1206 1816 1405 1884; x_wconf 89' lang='lat' dir='ltr'>deficiebat.</span> <span class='ocrx_word' id='word_1_90' title='bbox 1433 1907 1434 1912; x_wconf 6' lang='grc' dir='ltr'><strong>Ἰ</strong></span> <span class='ocrx_word' id='word_1_91' title='bbox 1458 1817 1502 1884; x_wconf 91' lang='lat' dir='ltr'>In</span> 
     </span>
     <span class='ocr_line' id='line_1_13' title="bbox 313 1926 1503 2014; baseline -0.001 -20"><span class='ocrx_word' id='word_1_92' title='bbox 313 1927 491 1995; x_wconf 86' lang='lat' dir='ltr'>Herodoti</span> <span class='ocrx_word' id='word_1_93' title='bbox 521 1927 619 1993; x_wconf 87' lang='lat' dir='ltr'>fonte</span> <span class='ocrx_word' id='word_1_94' title='bbox 646 1930 787 2012; x_wconf 78' lang='lat' dir='ltr'>partem</span> <span class='ocrx_word' id='word_1_95' title='bbox 815 1926 1075 1994; x_wconf 88' lang='lat' dir='ltr'>occidentalem</span> <span class='ocrx_word' id='word_1_96' title='bbox 1102 1947 1176 1994; x_wconf 90' lang='lat' dir='ltr'>uon</span> <span class='ocrx_word' id='word_1_97' title='bbox 1204 1930 1302 2011; x_wconf 89' lang='lat' dir='ltr'>ante,</span> <span class='ocrx_word' id='word_1_98' title='bbox 1335 1928 1399 1995; x_wconf 87' lang='lat' dir='ltr'>sed</span> <span class='ocrx_word' id='word_1_99' title='bbox 1421 1932 1503 2014; x_wconf 88' lang='lat' dir='ltr'>post</span> 
     </span>
     <span class='ocr_line' id='line_1_14' title="bbox 313 2037 1501 2126; baseline -0.002 -20"><span class='ocrx_word' id='word_1_100' title='bbox 313 2037 526 2106; x_wconf 90' lang='lat' dir='ltr'>orientalem</span> <span class='ocrx_word' id='word_1_101' title='bbox 558 2037 708 2104; x_wconf 89' lang='lat' dir='ltr'>allatam</span> <span class='ocrx_word' id='word_1_102' title='bbox 735 2057 812 2104; x_wconf 86' lang='lat' dir='ltr'>esse</span> <span class='ocrx_word' id='word_1_103' title='bbox 836 2037 1077 2105; x_wconf 90' lang='lat' dir='ltr'>demonstrari</span> <span class='ocrx_word' id='word_1_104' title='bbox 1104 2039 1248 2105; x_wconf 91' lang='lat' dir='ltr'>videtur</span> <span class='ocrx_word' id='word_1_105' title='bbox 1270 2059 1314 2105; x_wconf 91' lang='lat' dir='ltr'>ea</span> <span class='ocrx_word' id='word_1_106' title='bbox 1339 2059 1379 2106; x_wconf 91' lang='lat' dir='ltr'>re</span> <span class='ocrx_word' id='word_1_107' title='bbox 1402 2039 1501 2126; x_wconf 87' lang='lat' dir='ltr'>quod</span> 
     </span>
     <span class='ocr_line' id='line_1_15' title="bbox 314 2147 1502 2236; baseline -0.001 -20"><span class='ocrx_word' id='word_1_108' title='bbox 314 2149 414 2236; x_wconf 89' lang='lat' dir='ltr'>apud</span> <span class='ocrx_word' id='word_1_109' title='bbox 431 2147 660 2216; x_wconf 90' lang='lat' dir='ltr'>Herodotum</span> <span class='ocrx_word' id='word_1_110' title='bbox 682 2149 721 2214; x_wconf 88' lang='lat' dir='ltr'>in</span> <span class='ocrx_word' id='word_1_111' title='bbox 742 2147 815 2215; x_wconf 90' lang='lat' dir='ltr'>fine</span> <span class='ocrx_word' id='word_1_112' title='bbox 837 2148 921 2214; x_wconf 90' lang='lat' dir='ltr'>illae</span> <span class='ocrx_word' id='word_1_113' title='bbox 944 2151 1069 2232; x_wconf 84' lang='lat' dir='ltr'>gentes</span> <span class='ocrx_word' id='word_1_114' title='bbox 1091 2148 1211 2215; x_wconf 90' lang='lat' dir='ltr'>locum</span> <span class='ocrx_word' id='word_1_115' title='bbox 1236 2148 1386 2232; x_wconf 80' lang='lat' dir='ltr'>habent3</span> <span class='ocrx_word' id='word_1_116' title='bbox 1410 2151 1441 2216; x_wconf 87' lang='lat' dir='ltr'>si</span> <span class='ocrx_word' id='word_1_117' title='bbox 1463 2151 1502 2215; x_wconf 92' lang='lat' dir='ltr'>in</span> 
     </span>
     <span class='ocr_line' id='line_1_16' title="bbox 313 2258 1501 2352; baseline 0.001 -27"><span class='ocrx_word' id='word_1_118' title='bbox 313 2259 412 2326; x_wconf 86' lang='lat' dir='ltr'>fonte</span> <span class='ocrx_word' id='word_1_119' title='bbox 435 2259 480 2326; x_wconf 91' lang='lat' dir='ltr'>de</span> <span class='ocrx_word' id='word_1_120' title='bbox 503 2260 554 2326; x_wconf 93' lang='lat' dir='ltr'>eis</span> <span class='ocrx_word' id='word_1_121' title='bbox 576 2260 678 2352; x_wconf 85' lang='lat' dir='ltr'>prius</span> <span class='ocrx_word' id='word_1_122' title='bbox 702 2261 824 2324; x_wconf 90' lang='lat' dir='ltr'>actum</span> <span class='ocrx_word' id='word_1_123' title='bbox 847 2261 955 2341; x_wconf 90' lang='lat' dir='ltr'>esset,</span> <span class='ocrx_word' id='word_1_124' title='bbox 979 2258 1271 2327; x_wconf 89' lang='lat' dir='ltr'>commodissime</span> <span class='ocrx_word' id='word_1_125' title='bbox 1293 2259 1501 2327; x_wconf 87' lang='lat' dir='ltr'>Herodotus</span> 
     </span>
     <span class='ocr_line' id='line_1_17' title="bbox 314 2368 1501 2457; baseline 0.001 -21"><span class='ocrx_word' id='word_1_126' title='bbox 314 2390 375 2437; x_wconf 90' lang='lat' dir='ltr'>eas</span> <span class='ocrx_word' id='word_1_127' title='bbox 399 2389 486 2436; x_wconf 89' lang='lat' dir='ltr'>suae</span> <span class='ocrx_word' id='word_1_128' title='bbox 506 2368 617 2435; x_wconf 85' lang='lat' dir='ltr'>Asiae</span> <span class='ocrx_word' id='word_1_129' title='bbox 641 2368 875 2454; x_wconf 87' lang='lat' dir='ltr'>descriptioni</span> <span class='ocrx_word' id='word_1_130' title='bbox 897 2368 1096 2454; x_wconf 90' lang='lat' dir='ltr'>adiungere</span> <span class='ocrx_word' id='word_1_131' title='bbox 1118 2373 1260 2456; x_wconf 90' lang='lat' dir='ltr'>poterat</span> <span class='ocrx_word' id='word_1_132' title='bbox 1280 2391 1398 2457; x_wconf 90' lang='lat' dir='ltr'>neque</span> <span class='ocrx_word' id='word_1_133' title='bbox 1420 2370 1501 2438; x_wconf 89' lang='grc'>1000</span> 
     </span>
     <span class='ocr_line' id='line_1_18' title="bbox 314 2479 1502 2550; baseline 0.001 -3"><span class='ocrx_word' id='word_1_134' title='bbox 314 2500 376 2547; x_wconf 89' lang='lat' dir='ltr'>eas</span> <span class='ocrx_word' id='word_1_135' title='bbox 408 2500 555 2547; x_wconf 91' lang='lat' dir='ltr'>movere</span> <span class='ocrx_word' id='word_1_136' title='bbox 585 2498 734 2546; x_wconf 88' lang='lat' dir='ltr'>necesse</span> <span class='ocrx_word' id='word_1_137' title='bbox 765 2482 851 2546; x_wconf 88' lang='lat' dir='ltr'>erat.</span> <span class='ocrx_word' id='word_1_138' title='bbox 900 2479 982 2547; x_wconf 93' lang='lat' dir='ltr'>Hoc</span> <span class='ocrx_word' id='word_1_139' title='bbox 1014 2483 1136 2547; x_wconf 86' lang='lat' dir='ltr'>autem</span> <span class='ocrx_word' id='word_1_140' title='bbox 1165 2481 1293 2548; x_wconf 89' lang='lat' dir='ltr'>ultimo</span> <span class='ocrx_word' id='word_1_141' title='bbox 1324 2482 1404 2550; x_wconf 92' lang='lat' dir='ltr'>loco</span> <span class='ocrx_word' id='word_1_142' title='bbox 1437 2503 1502 2549; x_wconf 90' lang='lat' dir='ltr'>cur</span> 
     </span>
     <span class='ocr_line' id='line_1_19' title="bbox 312 2590 1501 2680; baseline 0.003 -24"><span class='ocrx_word' id='word_1_143' title='bbox 312 2591 465 2678; x_wconf 91' lang='lat' dir='ltr'>poneret</span> <span class='ocrx_word' id='word_1_144' title='bbox 494 2609 568 2655; x_wconf 92' lang='lat' dir='ltr'>non</span> <span class='ocrx_word' id='word_1_145' title='bbox 600 2591 690 2672; x_wconf 89' lang='lat' dir='ltr'>erat,</span> <span class='ocrx_word' id='word_1_146' title='bbox 722 2590 793 2657; x_wconf 87' lang='lat' dir='ltr'>nisi</span> <span class='ocrx_word' id='word_1_147' title='bbox 820 2591 1021 2674; x_wconf 87' lang='lat' dir='ltr'>cogitamus</span> <span class='ocrx_word' id='word_1_148' title='bbox 1048 2592 1122 2658; x_wconf 89' lang='lat' dir='ltr'>iam</span> <span class='ocrx_word' id='word_1_149' title='bbox 1148 2592 1186 2658; x_wconf 90' lang='lat' dir='ltr'>iu</span> <span class='ocrx_word' id='word_1_150' title='bbox 1213 2591 1310 2659; x_wconf 85' lang='lat' dir='ltr'>fonte</span> <span class='ocrx_word' id='word_1_151' title='bbox 1337 2594 1416 2680; x_wconf 92' lang='lat' dir='ltr'>ipso</span> <span class='ocrx_word' id='word_1_152' title='bbox 1439 2613 1501 2660; x_wconf 91' lang='lat' dir='ltr'>eas</span> 
     </span>
     <span class='ocr_line' id='line_1_20' title="bbox 312 2698 1502 2787; baseline 0.003 -20"><span class='ocrx_word' id='word_1_153' title='bbox 312 2701 364 2768; x_wconf 93' lang='lat' dir='ltr'>ibi</span> <span class='ocrx_word' id='word_1_154' title='bbox 394 2701 531 2787; x_wconf 86' lang='lat' dir='ltr'>positas</span> <span class='ocrx_word' id='word_1_155' title='bbox 557 2698 678 2766; x_wconf 90' lang='lat' dir='ltr'>fuisse.</span> <span class='ocrx_word' id='word_1_156' title='bbox 725 2699 799 2770; x_wconf 87' lang='lat' dir='ltr'>Suo</span> <span class='ocrx_word' id='word_1_157' title='bbox 830 2701 909 2768; x_wconf 91' lang='lat' dir='ltr'>iure</span> <span class='ocrx_word' id='word_1_158' title='bbox 931 2699 1161 2768; x_wconf 91' lang='lat' dir='ltr'>Herodotum</span> <span class='ocrx_word' id='word_1_159' title='bbox 1183 2701 1296 2769; x_wconf 88' lang='lat' dir='ltr'>Asiae</span> <span class='ocrx_word' id='word_1_160' title='bbox 1325 2703 1502 2770; x_wconf 89' lang='lat' dir='ltr'>citerioris</span> 
     </span>
     <span class='ocr_line' id='line_1_21' title="bbox 311 2810 1503 2901; baseline 0.002 -22"><span class='ocrx_word' id='word_1_161' title='bbox 311 2831 500 2879; x_wconf 90' lang='lat' dir='ltr'>recensum</span> <span class='ocrx_word' id='word_1_162' title='bbox 530 2831 575 2878; x_wconf 87' lang='grc'>01</span> <span class='ocrx_word' id='word_1_163' title='bbox 598 2811 669 2878; x_wconf 89' lang='lat' dir='ltr'>alio</span> <span class='ocrx_word' id='word_1_164' title='bbox 699 2810 797 2878; x_wconf 87' lang='lat' dir='ltr'>fonte</span> <span class='ocrx_word' id='word_1_165' title='bbox 823 2831 1018 2898; x_wconf 90' lang='lat' dir='ltr'>usurpasse</span> <span class='ocrx_word' id='word_1_166' title='bbox 1040 2813 1207 2879; x_wconf 89' lang='lat' dir='ltr'>videmus</span> <span class='ocrx_word' id='word_1_167' title='bbox 1231 2833 1276 2880; x_wconf 88' lang='grc'>01</span> <span class='ocrx_word' id='word_1_168' title='bbox 1297 2812 1391 2882; x_wconf 89' lang='lat' dir='ltr'>libro</span> <span class='ocrx_word' id='word_1_169' title='bbox 1423 2834 1503 2901; x_wconf 88' lang='lat' dir='ltr'>sep-</span> 
     </span>
     <span class='ocr_line' id='line_1_22' title="bbox 311 2922 1503 3010; baseline 0.003 -22"><span class='ocrx_word' id='word_1_170' title='bbox 311 2923 416 3006; x_wconf 89' lang='lat' dir='ltr'>timo,</span> <span class='ocrx_word' id='word_1_171' title='bbox 447 2923 512 2990; x_wconf 89' lang='lat' dir='ltr'>ubi</span> <span class='ocrx_word' id='word_1_172' title='bbox 532 2922 618 2990; x_wconf 91' lang='lat' dir='ltr'>illae</span> <span class='ocrx_word' id='word_1_173' title='bbox 647 2923 749 3008; x_wconf 89' lang='lat' dir='ltr'>ipsae</span> <span class='ocrx_word' id='word_1_174' title='bbox 770 2922 881 2989; x_wconf 86' lang='lat' dir='ltr'>Asiae</span> <span class='ocrx_word' id='word_1_175' title='bbox 905 2927 1028 3007; x_wconf 87' lang='lat' dir='ltr'>gentes</span> <span class='ocrx_word' id='word_1_176' title='bbox 1054 2925 1182 3010; x_wconf 89' lang='lat' dir='ltr'>paucis</span> <span class='ocrx_word' id='word_1_177' title='bbox 1213 2925 1372 3010; x_wconf 84' lang='lat' dir='ltr'>exceptis</span> <span class='ocrx_word' id='word_1_178' title='bbox 1394 2924 1503 3010; x_wconf 89' lang='lat' dir='ltr'>plane</span> 
     </span>
     <span class='ocr_line' id='line_1_23' title="bbox 312 3032 1503 3120; baseline 0.002 -22"><span class='ocrx_word' id='word_1_179' title='bbox 312 3052 485 3119; x_wconf 89' lang='lat' dir='ltr'>perversa</span> <span class='ocrx_word' id='word_1_180' title='bbox 507 3033 599 3099; x_wconf 90' lang='lat' dir='ltr'>serie</span> <span class='ocrx_word' id='word_1_181' title='bbox 622 3032 835 3115; x_wconf 82' lang='lat' dir='ltr'>afferuntur,</span> <span class='ocrx_word' id='word_1_182' title='bbox 864 3033 1001 3100; x_wconf 89' lang='lat' dir='ltr'>scilicet</span> <span class='ocrx_word' id='word_1_183' title='bbox 1030 3054 1075 3100; x_wconf 89' lang='grc'>01</span> <span class='ocrx_word' id='word_1_184' title='bbox 1097 3035 1218 3120; x_wconf 89' lang='lat' dir='ltr'>priore</span> <span class='ocrx_word' id='word_1_185' title='bbox 1246 3035 1503 3119; x_wconf 89' lang='lat' dir='ltr'>communique</span> 
     </span>
     <span class='ocr_line' id='line_1_24' title="bbox 315 3142 424 3210; baseline 0 -1"><span class='ocrx_word' id='word_1_186' title='bbox 315 3142 424 3210; x_wconf 88' lang='lat' dir='ltr'>fonte.</span> 
     </span>
    </p>

    <p class='ocr_par' dir='ltr' id='par_1_3' title="bbox 314 3250 1543 4552">
     <span class='ocr_line' id='line_1_25' title="bbox 399 3250 1501 3338; baseline 0.002 -20"><span class='ocrx_word' id='word_1_187' title='bbox 399 3251 458 3318; x_wconf 86' lang='lat' dir='ltr'>Ex</span> <span class='ocrx_word' id='word_1_188' title='bbox 487 3250 581 3317; x_wconf 92' lang='lat' dir='ltr'>libro</span> <span class='ocrx_word' id='word_1_189' title='bbox 614 3252 765 3336; x_wconf 89' lang='lat' dir='ltr'>septimo</span> <span class='ocrx_word' id='word_1_190' title='bbox 798 3250 968 3335; x_wconf 82' lang='lat' dir='ltr'>colligere</span> <span class='ocrx_word' id='word_1_191' title='bbox 998 3270 1208 3338; x_wconf 79' lang='lat' dir='ltr'>possumuS,</span> <span class='ocrx_word' id='word_1_192' title='bbox 1241 3251 1423 3338; x_wconf 90' lang='lat' dir='ltr'>quomodo</span> <span class='ocrx_word' id='word_1_193' title='bbox 1456 3252 1501 3320; x_wconf 90' lang='lat' dir='ltr'>de</span> 
     </span>
     <span class='ocr_line' id='line_1_26' title="bbox 314 3358 1502 3448; baseline 0 -20"><span class='ocrx_word' id='word_1_194' title='bbox 314 3364 392 3428; x_wconf 84' lang='lat' dir='ltr'>tota</span> <span class='ocrx_word' id='word_1_195' title='bbox 421 3363 524 3448; x_wconf 87' lang='lat' dir='ltr'>parte</span> <span class='ocrx_word' id='word_1_196' title='bbox 556 3359 772 3427; x_wconf 88' lang='lat' dir='ltr'>occidentali</span> <span class='ocrx_word' id='word_1_197' title='bbox 793 3358 979 3427; x_wconf 87' lang='lat' dir='ltr'>Herodoto</span> <span class='ocrx_word' id='word_1_198' title='bbox 1011 3361 1196 3446; x_wconf 91' lang='lat' dir='ltr'>agendum</span> <span class='ocrx_word' id='word_1_199' title='bbox 1222 3361 1343 3446; x_wconf 89' lang='lat' dir='ltr'>fuerit,</span> <span class='ocrx_word' id='word_1_200' title='bbox 1376 3363 1407 3429; x_wconf 92' lang='lat' dir='ltr'>si</span> <span class='ocrx_word' id='word_1_201' title='bbox 1429 3384 1502 3430; x_wconf 93' lang='lat' dir='ltr'>uno</span> 
     </span>
     <span class='ocr_line' id='line_1_27' title="bbox 314 3470 1502 3559; baseline 0.001 -20"><span class='ocrx_word' id='word_1_202' title='bbox 314 3471 412 3539; x_wconf 85' lang='lat' dir='ltr'>fonte</span> <span class='ocrx_word' id='word_1_203' title='bbox 445 3473 634 3538; x_wconf 89' lang='lat' dir='ltr'>contentus</span> <span class='ocrx_word' id='word_1_204' title='bbox 665 3470 800 3538; x_wconf 78' lang='lat' dir='ltr'>fuisset.</span> <span class='ocrx_word' id='word_1_205' title='bbox 856 3471 901 3538; x_wconf 93' lang='lat' dir='ltr'>In</span> <span class='ocrx_word' id='word_1_206' title='bbox 937 3472 1125 3558; x_wconf 89' lang='lat' dir='ltr'>copiarum</span> <span class='ocrx_word' id='word_1_207' title='bbox 1161 3473 1369 3540; x_wconf 88' lang='lat' dir='ltr'>recensione</span> <span class='ocrx_word' id='word_1_208' title='bbox 1399 3473 1502 3559; x_wconf 91' lang='lat' dir='ltr'>prius</span> 
     </span>
     <span class='ocr_line' id='line_1_28' title="bbox 315 3581 1502 3668; baseline 0.001 -19"><span class='ocrx_word' id='word_1_209' title='bbox 315 3582 508 3650; x_wconf 88' lang='lat' dir='ltr'>orientales</span> <span class='ocrx_word' id='word_1_210' title='bbox 531 3583 697 3667; x_wconf 87' lang='lat' dir='ltr'>regiones</span> <span class='ocrx_word' id='word_1_211' title='bbox 719 3582 908 3668; x_wconf 88' lang='lat' dir='ltr'>percurrit,</span> <span class='ocrx_word' id='word_1_212' title='bbox 931 3585 1010 3648; x_wconf 90' lang='lat' dir='ltr'>tum</span> <span class='ocrx_word' id='word_1_213' title='bbox 1032 3581 1284 3665; x_wconf 86' lang='lat' dir='ltr'>occidentales,</span> <span class='ocrx_word' id='word_1_214' title='bbox 1307 3584 1401 3650; x_wconf 89' lang='lat' dir='ltr'>sicut</span> <span class='ocrx_word' id='word_1_215' title='bbox 1414 3582 1502 3650; x_wconf 92' lang='lat' dir='ltr'>Per—</span> 
     </span>
     <span class='ocr_line' id='line_1_29' title="bbox 317 3692 1502 3781; baseline -0.001 -21"><span class='ocrx_word' id='word_1_216' title='bbox 317 3694 394 3761; x_wconf 90' lang='lat' dir='ltr'>sica</span> <span class='ocrx_word' id='word_1_217' title='bbox 416 3694 613 3781; x_wconf 85' lang='lat' dir='ltr'>inscriptio,</span> <span class='ocrx_word' id='word_1_218' title='bbox 638 3713 796 3780; x_wconf 92' lang='lat' dir='ltr'>quacum</span> <span class='ocrx_word' id='word_1_219' title='bbox 811 3693 958 3759; x_wconf 92' lang='lat' dir='ltr'>omnino</span> <span class='ocrx_word' id='word_1_220' title='bbox 980 3692 1105 3760; x_wconf 89' lang='lat' dir='ltr'>multis</span> <span class='ocrx_word' id='word_1_221' title='bbox 1120 3693 1160 3759; x_wconf 92' lang='lat' dir='ltr'>in</span> <span class='ocrx_word' id='word_1_222' title='bbox 1181 3694 1291 3762; x_wconf 91' lang='lat' dir='ltr'>rebus</span> <span class='ocrx_word' id='word_1_223' title='bbox 1315 3695 1502 3777; x_wconf 87' lang='lat' dir='ltr'>consentit,</span> 
     </span>
     <span class='ocr_line' id='line_1_30' title="bbox 314 3803 1503 3892; baseline 0 -22"><span class='ocrx_word' id='word_1_224' title='bbox 314 3805 367 3870; x_wconf 91' lang='lat' dir='ltr'>ita</span> <span class='ocrx_word' id='word_1_225' title='bbox 387 3806 429 3870; x_wconf 89' lang='lat' dir='ltr'>ut</span> <span class='ocrx_word' id='word_1_226' title='bbox 457 3804 562 3871; x_wconf 92' lang='lat' dir='ltr'>illum</span> <span class='ocrx_word' id='word_1_227' title='bbox 583 3804 762 3872; x_wconf 90' lang='lat' dir='ltr'>Herodoti</span> <span class='ocrx_word' id='word_1_228' title='bbox 792 3803 929 3870; x_wconf 88' lang='lat' dir='ltr'>fontem</span> <span class='ocrx_word' id='word_1_229' title='bbox 955 3805 1052 3871; x_wconf 90' lang='lat' dir='ltr'>tertii</span> <span class='ocrx_word' id='word_1_230' title='bbox 1074 3807 1109 3871; x_wconf 92' lang='lat' dir='ltr'>et</span> <span class='ocrx_word' id='word_1_231' title='bbox 1131 3805 1275 3892; x_wconf 88' lang='lat' dir='ltr'>septimi</span> <span class='ocrx_word' id='word_1_232' title='bbox 1296 3805 1382 3872; x_wconf 91' lang='lat' dir='ltr'>libri</span> <span class='ocrx_word' id='word_1_233' title='bbox 1405 3824 1503 3871; x_wconf 90' lang='lat' dir='ltr'>corn·</span> 
     </span>
     <span class='ocr_line' id='line_1_31' title="bbox 314 3912 1503 4000; baseline 0.002 -20"><span class='ocrx_word' id='word_1_234' title='bbox 314 3933 463 3980; x_wconf 91' lang='lat' dir='ltr'>munem</span> <span class='ocrx_word' id='word_1_235' title='bbox 478 3915 566 4000; x_wconf 88' lang='lat' dir='ltr'>ipsis</span> <span class='ocrx_word' id='word_1_236' title='bbox 583 3935 605 3980; x_wconf 92' lang='lat' dir='ltr'>a</span> <span class='ocrx_word' id='word_1_237' title='bbox 621 3913 847 3982; x_wconf 89' lang='lat' dir='ltr'>documentis</span> <span class='ocrx_word' id='word_1_238' title='bbox 863 3912 1019 3981; x_wconf 90' lang='lat' dir='ltr'>Persicis</span> <span class='ocrx_word' id='word_1_239' title='bbox 1034 3913 1192 3996; x_wconf 88' lang='lat' dir='ltr'>pendere</span> <span class='ocrx_word' id='word_1_240' title='bbox 1208 3915 1365 3983; x_wconf 89' lang='lat' dir='ltr'>credam.</span> <span class='ocrx_word' id='word_1_241' title='bbox 1408 3913 1503 3982; x_wconf 84' lang='lat' dir='ltr'>NRa</span> 
     </span>
     <span class='ocr_line' id='line_1_32' title="bbox 316 4022 1501 4112; baseline 0.001 -21"><span class='ocrx_word' id='word_1_242' title='bbox 316 4027 438 4092; x_wconf 91' lang='lat' dir='ltr'>autem</span> <span class='ocrx_word' id='word_1_243' title='bbox 469 4025 618 4110; x_wconf 87' lang='lat' dir='ltr'>praebet</span> <span class='ocrx_word' id='word_1_244' title='bbox 649 4024 814 4092; x_wconf 90' lang='lat' dir='ltr'>ordinem</span> <span class='ocrx_word' id='word_1_245' title='bbox 835 4022 1084 4092; x_wconf 89' lang='lat' dir='ltr'>Herodoteum</span> <span class='ocrx_word' id='word_1_246' title='bbox 1114 4026 1154 4091; x_wconf 92' lang='lat' dir='ltr'>in</span> <span class='ocrx_word' id='word_1_247' title='bbox 1185 4025 1311 4092; x_wconf 88' lang='lat' dir='ltr'>ordine</span> <span class='ocrx_word' id='word_1_248' title='bbox 1342 4027 1501 4112; x_wconf 80' lang='lat' dir='ltr'>partium</span> 
     </span>
     <span class='ocr_line' id='line_1_33' title="bbox 314 4115 1543 4223; baseline 0.002 -22"><span class='ocrx_word' id='word_1_249' title='bbox 314 4153 550 4221; x_wconf 83' lang='lat' dir='ltr'>magnarum3</span> <span class='ocrx_word' id='word_1_250' title='bbox 573 4134 632 4202; x_wconf 89' lang='lat' dir='ltr'>bic</span> <span class='ocrx_word' id='word_1_251' title='bbox 653 4137 765 4220; x_wconf 92' lang='lat' dir='ltr'>igitur</span> <span class='ocrx_word' id='word_1_252' title='bbox 779 4135 1048 4202; x_wconf 89' lang='lat' dir='ltr'>recentissimus</span> <span class='ocrx_word' id='word_1_253' title='bbox 1064 4135 1189 4202; x_wconf 87' lang='lat' dir='ltr'>titulus</span> <span class='ocrx_word' id='word_1_254' title='bbox 1210 4136 1371 4203; x_wconf 85' lang='lat' dir='ltr'>maxime</span> <span class='ocrx_word' id='word_1_255' title='bbox 1392 4139 1501 4223; x_wconf 87' lang='lat' dir='ltr'>perti-</span> <span class='ocrx_word' id='word_1_256' title='bbox 1538 4115 1543 4126; x_wconf 45' lang='lat'><strong>⁴</strong></span> 
     </span>
     <span class='ocr_line' id='line_1_34' title="bbox 315 4244 1503 4333; baseline 0.001 -21"><span class='ocrx_word' id='word_1_257' title='bbox 315 4249 378 4313; x_wconf 89' lang='lat' dir='ltr'>net</span> <span class='ocrx_word' id='word_1_258' title='bbox 400 4245 448 4313; x_wconf 92' lang='lat' dir='ltr'>ad</span> <span class='ocrx_word' id='word_1_259' title='bbox 470 4245 708 4313; x_wconf 88' lang='lat' dir='ltr'>Herodotum.</span> <span class='ocrx_word' id='word_1_260' title='bbox 746 4244 865 4332; x_wconf 84' lang='lat' dir='ltr'>Supra</span> <span class='ocrx_word' id='word_1_261' title='bbox 880 4244 1040 4312; x_wconf 86' lang='lat' dir='ltr'>diximus</span> <span class='ocrx_word' id='word_1_262' title='bbox 1064 4266 1108 4312; x_wconf 91' lang='grc'>01</span> <span class='ocrx_word' id='word_1_263' title='bbox 1132 4244 1201 4313; x_wconf 91' lang='lat' dir='ltr'>hac</span> <span class='ocrx_word' id='word_1_264' title='bbox 1224 4265 1367 4333; x_wconf 84' lang='lat' dir='ltr'>quoque</span> <span class='ocrx_word' id='word_1_265' title='bbox 1390 4267 1503 4314; x_wconf 88' lang='lat' dir='ltr'>causa</span> 
     </span>
     <span class='ocr_line' id='line_1_35' title="bbox 314 4354 1502 4444; baseline 0.001 -21"><span class='ocrx_word' id='word_1_266' title='bbox 314 4355 473 4442; x_wconf 87' lang='lat' dir='ltr'>intelligi</span> <span class='ocrx_word' id='word_1_267' title='bbox 487 4375 603 4443; x_wconf 90' lang='lat' dir='ltr'>posse,</span> <span class='ocrx_word' id='word_1_268' title='bbox 626 4354 694 4422; x_wconf 91' lang='lat' dir='ltr'>has</span> <span class='ocrx_word' id='word_1_269' title='bbox 708 4359 830 4440; x_wconf 79' lang='lat' dir='ltr'>partes</span> <span class='ocrx_word' id='word_1_270' title='bbox 853 4374 899 4421; x_wconf 87' lang='lat' dir='ltr'>ex</span> <span class='ocrx_word' id='word_1_271' title='bbox 913 4354 985 4421; x_wconf 90' lang='lat' dir='ltr'>alio</span> <span class='ocrx_word' id='word_1_272' title='bbox 1007 4354 1105 4423; x_wconf 86' lang='lat' dir='ltr'>fonte</span> <span class='ocrx_word' id='word_1_273' title='bbox 1120 4355 1270 4423; x_wconf 88' lang='lat' dir='ltr'>haustas</span> <span class='ocrx_word' id='word_1_274' title='bbox 1293 4375 1371 4424; x_wconf 89' lang='lat' dir='ltr'>esse</span> <span class='ocrx_word' id='word_1_275' title='bbox 1395 4361 1502 4444; x_wconf 90' lang='lat' dir='ltr'>atque</span> 
     </span>
     <span class='ocr_line' id='line_1_36' title="bbox 316 4463 1503 4552; baseline 0.001 -19"><span class='ocrx_word' id='word_1_276' title='bbox 316 4487 364 4533; x_wconf 91' lang='grc'>01</span> <span class='ocrx_word' id='word_1_277' title='bbox 393 4465 587 4550; x_wconf 89' lang='lat' dir='ltr'>Hecataeo,</span> <span class='ocrx_word' id='word_1_278' title='bbox 620 4468 805 4552; x_wconf 87' lang='lat' dir='ltr'>praeterea</span> <span class='ocrx_word' id='word_1_279' title='bbox 827 4463 1051 4550; x_wconf 88' lang='lat' dir='ltr'>Aeschylum</span> <span class='ocrx_word' id='word_1_280' title='bbox 1083 4486 1127 4533; x_wconf 88' lang='grc'>01</span> <span class='ocrx_word' id='word_1_281' title='bbox 1150 4466 1332 4534; x_wconf 86' lang='lat' dir='ltr'>Hecataeo</span> <span class='ocrx_word' id='word_1_282' title='bbox 1364 4467 1402 4533; x_wconf 94' lang='lat' dir='ltr'>in</span> <span class='ocrx_word' id='word_1_283' title='bbox 1434 4486 1503 4534; x_wconf 83' lang='lat' dir='ltr'>sua</span> 
     </span>
    </p>
   </div>
   <div class='ocr_carea' id='block_1_3' title="bbox 0 0 1754 5248">
    <p class='ocr_par' dir='ltr' id='par_1_4' title="bbox 0 0 1754 5248">
     <span class='ocr_line' id='line_1_37' title="bbox 0 0 1754 5248; baseline 0 0"><span class='ocrx_word' id='word_1_284' title='bbox 0 0 1754 5248; x_wconf 95' lang='lat' dir='ltr'> </span> 
     </span>
    </p>
   </div>
  </div>
 </body>
</html>
