3496 5248
777 562 989 624 ...16-

286 744 508 814 occidentali
530 745 640 811 Asiae
668 744 753 812 eodt·
800 744 952 812 cordine
978 744 1114 812 relatae
1142 747 1227 810 sunt
1254 765 1326 832 quo
1349 743 1397 826 (V
1419 745 1473 826 49)

289 858 524 942 Aristagoras
548 856 646 942 apud
661 842 894 924 Cleomenem
916 853 1249 924 Lacedaemonium
1271 854 1473 923 secundum

286 968 455 1036 tabulam
480 966 656 1034 Hecataei
676 969 842 1052 regiones
872 968 1062 1054 percurrit,
1094 969 1130 1035 et
1158 965 1367 1034 Herodotus
1397 966 1474 1053 ipse

290 1077 414 1166 paullo
434 1081 516 1165 post
530 1077 578 1159 (V
594 1076 649 1159 52)
671 1078 772 1145 viam
791 1079 931 1163 regiam
949 1098 1024 1165 qua
1037 1077 1182 1164 Epheso
1199 1077 1417 1144 ascendatur
1435 1077 1475 1143 in

292 1189 487 1260 Susianam
502 1189 658 1275 exponit.
695 1187 777 1256 Hoc
793 1189 890 1255 enim
905 1188 1032 1255 ordine
1048 1188 1248 1255 afferuntur
1262 1186 1304 1270 (c.
1315 1187 1473 1270 49-52):

289 1300 404 1384 Ionia,
426 1297 556 1385 Lydia,
578 1297 751 1384 Phrygia,
774 1296 1018 1386 Cappadocia,
1035 1297 1174 1382 Cilicia,
1189 1299 1375 1382 Armenia,
1396 1297 1474 1365 Ma-

286 1411 393 1492 tiene,
417 1408 545 1492 Cissia,
569 1407 671 1478 Susa.
709 1408 752 1476 In
775 1410 1019 1496 satrapiarum
1039 1429 1192 1478 recensu
1212 1408 1473 1496 multoplures

289 1521 417 1608 populi
438 1519 653 1604 afferuntur,
679 1519 744 1588 sed
765 1518 838 1587 illis
860 1520 950 1588 locis
978 1520 1165 1607 scriptoris
1187 1519 1280 1588 nihil
1302 1519 1475 1588 intererat

289 1633 361 1700 nisi
391 1632 473 1698 viae
506 1631 743 1699 directionem
774 1649 847 1717 qua
877 1629 1144 1718 penetrandum
1175 1635 1269 1699 esset
1299 1630 1473 1718 usquein

289 1741 455 1810 Persiam
485 1741 644 1809 breviter
674 1741 890 1826 significare.
935 1741 1016 1809 Iam
1046 1761 1133 1809 vero
1164 1741 1405 1829 Kiepertus²³t
1436 1742 1475 1808 in

288 1852 356 1920 illa
376 1852 514 1920 itineris
538 1851 778 1938 descriptione
800 1852 901 1919 nullo
923 1852 1003 1919 loco
1026 1852 1150 1935 urbes,
1178 1852 1244 1920 sed
1266 1853 1385 1919 50111111
1406 1851 1475 1919 flu-

290 1964 391 2030 mina
413 1965 448 2031 et
473 1966 589 2030 terras
612 1963 795 2029 nominari
817 1962 975 2030 adnotat.
1019 1961 1197 2031 Herodoti
1219 1966 1340 2030 autem
1361 1963 1476 2030 verba

286 2073 438 2142 exhibet
460 2073 593 2159 quibus
614 2071 675 2139 1116
698 2072 863 2140 tabulam
884 2073 987 2140 illam
1009 2077 1128 2141 terrae
1150 2075 1259 2140 totius
1282 2073 1474 2142 circuitum

285 2187 325 2252 et
346 2203 448 2250 mare
474 2186 590 2249 totum
612 2186 648 2250 et
668 2182 822 2250 flumina
844 2185 967 2251 omnia
990 2185 1209 2252 continuisse
1233 2183 1321 2251 dicit
1339 2182 1389 2267 (V
1408 2187 1473 2263 49).

291 2294 412 2375 Quare
434 2293 675 2378 Herodotum,
703 2315 788 2362 cum
810 2295 914 2362 illam
937 2296 1035 2363 viam
1058 2295 1280 2380 significaret
1300 2294 1475 2363 Hecataei

290 2405 455 2472 tabulam
487 2408 652 2471 secutum
680 2425 758 2472 esse
791 2425 1036 2493 numerosque
1068 2408 1269 2493 spatiorum
1300 2426 1322 2472 a
1352 2405 1474 2474 Persis
1544 2491 1546 2496 Ι

289 2516 494 2601 compertas
519 2516 725 2599 assignasse
748 2516 943 2600 existimat,
967 2519 1007 2582 ut
1028 2519 1125 2603 puto,
1149 2516 1394 2602 sagacissime.
1437 2515 1474 2584 Is
1507 2549 1510 2554 ·

286 2627 414 2692 autem
435 2627 617 2692 terrarum
636 2609 729 2691 'ordo
752 2625 859 2711 plane
883 2627 1051 2693 convenit
1073 2647 1157 2694 oum
1180 2647 1237 2711 eo,
1262 2647 1334 2713 quo
1355 2628 1476 2712 prima

289 2739 393 2824 parte
415 2754 587 2804 recensus
609 2735 708 2801 illius
731 2736 919 2821 copiarum
945 2739 1067 2803 noster
1089 2737 1211 2803 utitur.
1258 2735 1379 2815 Quare
1401 2756 1474 2802 non

289 2847 445 2914 nimium
477 2843 568 2912 mihi
598 2846 834 2932 sumpserim,
867 2847 898 2912 51
927 2845 1036 2911 huius
1068 2865 1211 2932 quoque
1238 2845 1310 2912 loci
1339 2845 1475 2911 fontem

290 2956 395 3023 illam
416 2955 592 3023 Hecataei
618 2955 781 3022 tabulam
806 2955 917 3022 fuisso
941 2955 1089 3023 conicio.
1135 2954 1255 3034 Quam
1287 2974 1358 3040 quo
1390 2974 1474 3022 con-

291 3066 372 3134 silio
395 3065 603 3133 Herodotus
635 3064 842 3133 adhibuerit
873 3065 960 3132 satis
986 3063 1141 3149 intelligi
1166 3083 1241 3131 non
1262 3067 1379 3150 potest
1404 3065 1476 3132 nisi

285 3177 493 3260 cogitamus
518 3176 698 3262 satrapias
719 3176 759 3242 ‘m
780 3176 846 3243 illa
867 3175 994 3243 tabula
1015 3177 1097 3262 ipsa
1114 3175 1338 3260 significatas
1352 3174 1473 3243 fuisse.

291 3285 502 3354 Herodotus
526 3290 648 3354 autem
669 3286 793 3374 paullo
817 3290 899 3354 ante
921 3285 1019 3354 hunc
1038 3286 1160 3354 locum
1176 3284 1228 3368 (V
1243 3287 1310 3368 36).
1356 3283 1474 3354 Heca

290 3401 416 3466 taeum
437 3398 477 3463 in
499 3397 650 3464 consilio
673 3397 805 3464 Ionum
828 3397 872 3465 de
900 3397 1075 3464 seditione
1099 3396 1379 3465 deliberantium
1400 3387 1477 3458 τότε

291 3502 391 3571 ἔθνεα
414 3499 525 3569 πάντα
548 3507 612 3569 τῶν
634 3492 709 3593 ἦρχε
731 3509 871 3591 Δαρεῖος
891 3503 950 3570 καὶ
972 3502 1033 3593 τήν
1055 3495 1309 3588 1111011ναῦτοῦ
1331 3525 1476 3574 enume-

292 3637 393 3687 rasse
408 3619 545 3701 narrat,
552 3619 591 3699 ²⁴)
614 3619 713 3705 quod
727 3622 768 3685 ut
783 3619 957 3686 scriberet
975 3617 1041 3685 illa
1054 3617 1201 3686 tabulae
1215 3618 1356 3683 ratione
1379 3636 1476 3684 com·

292 3731 434 3797 motum
456 3746 540 3795 eum
562 3746 641 3795 esse
663 3732 760 3814 puto.
805 3727 1035 3797 Verisimile
1062 3748 1149 3795 vero
1177 3730 1231 3794 est
1251 3725 1477 3794 Hecataeum

292 3838 395 3907 illam
411 3838 655 3924 satrapiarum
670 3839 900 3924 partitionem
915 3839 1061 3907 tabulae
1081 3838 1315 3905 commissam
1328 3837 1366 3905 in
1382 3837 1476 3905 libro

292 3968 436 4036 quoque
467 3948 512 4016 de
545 3948 697 4015 circuitu
728 3948 840 4016 Asiae
872 3951 1005 4037 scripto
1037 3967 1349 4017 commemorasse.
1397 3946 1476 4015 Nec

293 4060 414 4127 minus
445 4059 524 4127 veri
556 4057 674 4126 simile
704 4057 849 4126 videtur
883 4058 1112 4126 Herodotum
1145 4059 1184 4126 in
1214 4057 1271 4126 his
1300 4057 1476 4125 Hecataei

291 4170 535 4257 descriptione
567 4189 675 4236 usum
706 4188 798 4252 esse,
831 4189 914 4236 oum
939 4167 1121 4237 Graecum
1150 4172 1245 4237 06116
1275 4169 1411 4236 fontem
1442 4167 1476 4234 si

293 4281 405 4348 fuisse
428 4281 664 4368 perspicuum
686 4281 740 4347 sit.
778 4279 959 4366 Regiones
981 4281 1078 4348 enim
1099 4281 1152 4347 ita
1172 4282 1344 4361 recenset,
1366 4284 1407 4344 ut
1429 4276 1475 4344 ab

294 4390 513 4460 occidentali
540 4394 642 4477 parte
668 4392 843 4478 procedat
867 4411 932 4478 per
954 4391 1083 4458 Asiam
1111 4391 1159 4458 ad
1181 4389 1405 4471 orientalem,
1437 4387 1475 4455 id

294 4501 394 4586 quod
424 4501 562 4569 recedit
594 4521 616 4567 a
646 4500 843 4569 Persarum
873 4501 1031 4585 11101615)
1076 4499 1177 4581 Quae
1210 4502 1241 4566 si
1270 4501 1351 4565 rata
1382 4500 1475 4580 sunt,
1708 4483 1709 4514 ³
