3496 5248
396 1709 443 1810 In
465 1740 639 1828 Aeschyli
652 1739 774 1808 Persis
796 1743 836 1806 ut
858 1738 990 1807 chorus
1012 1738 1139 1827 primis
1161 1740 1327 1808 versibus
1350 1741 1487 1808 exerci-

301 1857 388 1922 tum
405 1873 490 1920 cum
504 1871 589 1938 rege
611 1853 686 1919 iam
702 1850 766 1918 diu
786 1848 988 1938 profectum
1002 1850 1160 1918 necdum
1182 1849 1298 1918 ullum
1319 1851 1488 1918 nuntium

303 1964 456 2047 redisse,
483 1962 667 2051 praefatus
697 1964 752 2029 est
773 1961 908 2044 (1-15)
936 1961 1071 2028 ducum
1098 1963 1133 2030 et
1153 1960 1371 2049 populorum
1393 1959 1488 2028 mili·

301 2076 461 2143 tantium
475 2075 625 2142 nomina
638 2073 844 2160 perlustrat.
880 2070 990 2140 Hunc
1013 2073 1169 2157 agminis
1192 2091 1391 2156 recensum,
1415 2090 1489 2159 qua

302 2183 463 2254 maxime
486 2186 578 2253 serie
599 2187 708 2272 poeta
727 2187 849 2271 partes
871 2184 1147 2267 consummarit,
1170 2183 1298 2251 eadem
1319 2183 1381 2251 1110
1403 2183 1487 2252 sub·

300 2297 514 2382 iungemus:

392 2405 502 2490 Susa,
532 2405 724 2473 Ecbatana
755 2403 834 2488 (16),
865 2399 1007 2468 Κίσσιον
1037 2399 1128 2488 ἕρκος
1158 2405 1239 2489 (17),
1269 2404 1377 2473 Nilus
1409 2405 1487 2488 (35),

288 2504 489 2602 Memphis
505 2514 582 2600 (37),
604 2514 748 2583 Thebae
764 2515 842 2599 (39),
865 2507 1054 2598 ἑλειοβάται
1068 2511 1179 2599 ἐρέται
1194 2516 1273 2600 (40),
1295 2515 1392 2603 Lydi
1407 2515 1487 2607 (42),

300 2626 442 2696 :Sardes
466 2626 549 2710 (47),
570 2625 686 2694 Tmoli
709 2625 854 2695 accolae
878 2628 962 2711 (51),
988 2626 1085 2714 Mysi
1108 2626 1192 2710 (54),
1220 2626 1387 2714 Babylon
1411 2626 1489 2711 (54),

303 2731 341 2802 τὸ
365 2729 613 2823 μαχαιροφόρον
638 2731 736 2814 ἔθνος
760 2733 798 2801 ἐκ
824 2731 936 2824 πάσης
962 2726 1080 2814 Ἀσίας
1101 2739 1182 2822 (58).
1228 2736 1346 2819 Quem
1372 2739 1489 2823 regio-

301 2870 394 2917 num
416 2849 583 2917 ordinem
604 2852 738 2918 temere
764 2870 831 2918 nec
854 2852 952 2917 certo
975 2849 1125 2917 consilio
1152 2850 1199 2918 ab
1221 2848 1404 2936 Aeschylo
1428 2849 1490 2918 ob·

302 2965 493 3027 servatum
516 2960 696 3045 crederes,
727 2961 799 3028 nisi
829 2981 875 3028 ex
902 2960 973 3028 alio
996 2959 1194 3029 Persarum
1219 2960 1300 3028 loco
1324 2960 1489 3041 eluceret,

302 3091 388 3138 eum
412 3091 524 3158 quam
546 3071 771 3138 strictissime
793 3074 918 3156 gentes
941 3071 990 3139 ad
1003 3075 1185 3140 terrarum
1207 3071 1297 3138 situs
1321 3070 1490 3156 deinceps

301 3200 529 3249 enumerare.
578 3180 679 3246 Nam
708 3183 802 3247 sicut
831 3183 964 3248 umbra
984 3181 1097 3248 Darei
1128 3181 1176 3247 ad
1205 3180 1340 3246 inferos
1373 3179 1489 3264 rediit,

302 3291 437 3358 chorus
463 3291 617 3375 quantas
636 3289 698 3355 ille
720 3309 778 3356 res
795 3289 991 3356 adiuvante
1013 3290 1160 3358 fortuna
1174 3291 1328 3375 gesserit
1350 3291 1489 3359 cantico

303 3398 476 3466 celebrat.
522 3395 662 3478 Quibus
689 3399 861 3466 laudibus
889 3401 1140 3488 exemplorum
1165 3401 1374 3470 firmitatem
1401 3402 1490 3469 alla·

302 3513 407 3576 turus
436 3507 576 3575 insulas
607 3512 643 3575 et
670 3509 779 3578 urbes
800 3509 949 3578 Jonicas
979 3511 1116 3579 abillo
1147 3513 1317 3581 subactas
1343 3533 1489 3582 enume-

302 3623 368 3688 rat.
424 3619 546 3706 Atque
577 3620 737 3706 primum
770 3622 1067 3708 septentrionales
1089 3622 1264 3692 Thraciae
1294 3643 1410 3712 usque
1441 3625 1490 3693 ad

302 3730 464 3798 Pontum
493 3730 681 3798 Euxinum
707 3732 874 3816 regiones
905 3733 1009 3800 affert
1039 3731 1229 3819 (858-66),
1260 3737 1347 3803 tunc
1373 3735 1490 3821 Aegei
1525 3819 1528 3828 ,

299 3842 416 3909 maris
444 3842 584 3909 insulas
611 3844 942 3930 praestantissimas
968 3844 1034 3912 tali
1061 3845 1203 3931 ordine,
1231 3865 1303 3933 quo
1329 3845 1489 3932 primum

300 3952 496 4020 meridiem
526 3970 668 4037 versus,
705 3953 908 4021 secundum
939 3974 1042 4023 oram
1071 3956 1287 4040 Asiaticam,
1323 3955 1487 4039 ducatur,

301 4061 468 4131 Lesbum
495 4061 647 4132 Samum
669 4061 802 4132 Chium
823 4065 1000 4150 nominet,
1028 4066 1077 4134 ad
1099 4067 1186 4133 solis
1210 4085 1380 4134 occasum
1402 4066 1487 4134 inde
1604 4065 1610 4074 '

299 4173 470 4242 deflexus
501 4172 656 4260 Parum,
692 4174 859 4260 Naurum,
892 4175 1091 4263 Myconum
1126 4176 1282 4262 Tenum,
1317 4177 1488 4244 Andrum

301 4284 438 4369 laudet,
461 4284 618 4372 denique
634 4284 809 4356 Graeciae
831 4287 939 4355 litora
960 4290 1105 4355 secutus
1127 4287 1259 4355 iterum
1280 4288 1488 4375 aquilonem

301 4397 415 4482 petat,
450 4398 492 4463 ut
522 4383 695 4480 ἀγχιάλους
724 4391 904 4478 μεσάκτους
933 4395 1185 4485 Lemnumque
1221 4403 1486 4483 commemoret,

301 4509 487 4591 postremo
509 4527 575 4593 per
589 4506 747 4574 Icariam
762 4511 797 4574 et
816 4527 897 4574 eam
912 4507 1023 4575 Asiae
1045 4511 1185 4595 partem
1205 4509 1303 4578 unde
1326 4509 1486 4579 detinue-

1316 4612 1329 4664 1
