3496 5248
740 559 990 620 ..q-2...

253 740 525 808 enumeratione
547 741 704 828 pendere
726 743 801 808 iam
823 743 1065 829 exposuimus.
1103 743 1140 808 Is
1164 745 1287 808 autem
1310 761 1332 807 a
1354 742 1441 808 solis

255 869 388 916 occasu
410 852 541 918 transit
563 850 610 918 ad
634 854 763 934 ortum,
787 853 886 919 utin
910 852 1174 939 antiquioribus
1197 852 1441 938 inscriptioni-

253 959 323 1027 bus
347 964 400 1028 est
427 961 458 1028 B
485 965 520 1029 01
541 961 581 1043 P,
614 981 705 1049 quas
727 960 952 1029 Hecataeum
975 963 1196 1049 expressisse
1220 963 1441 1030 coniecimus

255 1091 299 1137 ea
331 1071 375 1138 de
407 1091 527 1138 causa.
572 1071 801 1139 Herodotum
831 1073 942 1158 igitur
974 1093 1059 1140 cum
1090 1073 1256 1141 ordinem
1286 1074 1325 1140 10
1347 1072 1443 1140 NRa

255 1186 440 1248 servatum
456 1186 637 1270 sequatur,
661 1181 886 1250 Hecataeum
900 1203 974 1250 non
993 1184 1193 1271 inspexisse
1208 1183 1442 1251 manifestum

255 1295 319 1375 est,
342 1296 484 1378 praeter
506 1313 567 1359 eas
584 1293 722 1361 scilicet
735 1297 866 1380 000100,
890 1295 928 1361 10
951 1294 1084 1380 quibus
1104 1295 1181 1361 0100
1204 1295 1357 1379 vestigia
1379 1294 1441 1362 de-

254 1402 489 1490 prehendisse
511 1404 617 1471 nobis
640 1403 867 1472 videbamur.

340 1513 402 1581 Ad
424 1514 535 1582 finem
556 1513 631 1582 fere
654 1515 876 1602 quaestionis
901 1517 1087 1602 progressi
1115 1535 1297 1583 summam
1319 1535 1442 1582 000000

255 1625 414 1691 breviter
446 1625 735 1711 complectemur,
774 1647 847 1692 non
879 1647 950 1712 quo
988 1645 1204 1712 persuasum
1240 1626 1443 1694 habeamus

256 1736 380 1801 omnia
402 1736 496 1802 sicut
518 1738 674 1802 statuere
691 1738 811 1803 conati
834 1756 960 1802 sumus
983 1757 1021 1804 se
1044 1757 1083 1803 00
1106 1757 1195 1804 vera
1216 1735 1360 1804 habere.
1398 1736 1444 1804 Id

257 1849 352 1913 certe
375 1845 467 1913 mihi
489 1845 685 1913 tenendum
710 1847 853 1914 videtur
875 1867 964 1931 esse,
988 1867 1031 1914 ea
1053 1867 1146 1934 quae
1168 1847 1383 1933 legebantur
1405 1849 1444 1914 in

261 1956 395 2024 tabulis
410 1958 691 2041 magistratuum
706 1956 903 2024 Persarum
927 1959 976 2026 ad
991 1957 1151 2026 Graecos
1177 1959 1385 2046 penetrasse
1409 1962 1444 2025 et

258 2088 281 2133 a
303 2069 540 2154 scriptoribus
558 2065 707 2136 Graecis
722 2068 850 2135 litteris
865 2069 1040 2136 mandata
1055 2089 1141 2136 esse.
1181 2067 1335 2153 Singula
1350 2089 1444 2156 quae

259 2178 304 2244 de
328 2179 380 2245 010
402 2179 511 2246 rebus
535 2179 753 2264 investigare
781 2179 987 2246 studuimus
1009 2181 1086 2246 sive
1108 2199 1230 2246 rerum
1253 2181 1445 2246 veritatem

257 2288 479 2374 exprimunt,
512 2289 588 2356 sive
615 2289 790 2356 recedunt
817 2309 839 2355 a
869 2291 979 2372 veris,
1012 2290 1313 2357 demonstrabunt
1345 2291 1441 2356 00010

257 2400 505 2466 coniecturam
526 2399 629 2466 illam
655 2421 729 2467 non
752 2420 886 2467 vanam
914 2403 948 2467 01
970 2401 1112 2467 irritam
1134 2419 1227 2484 esse,
1256 2399 1321 2468 sed
1342 2399 1445 2467 illam

255 2509 463 2577 traditionis
495 2512 594 2578 viam
626 2511 751 2597 aliqua
781 2513 919 2578 ratione
956 2512 1087 2579 confici
1117 2513 1286 2598 potuisse.
1341 2510 1445 2578 Haec

256 2624 379 2688 autem
402 2621 627 2689 conficiendo
651 2624 852 2708 posuimus:
880 2621 1085 2690 Hecataeus
1108 2623 1252 2690 tabulas
1275 2622 1442 2689 Persicas

256 2751 473 2818 quacunque
501 2733 640 2799 ratione
668 2734 703 2799 et
728 2733 1022 2817 interpretatione
1045 2732 1216 2816 cognovit
1243 2735 1277 2798 01
1298 2732 1443 2816 scriptis

255 2843 332 2907 suis
359 2843 519 2908 inseruit.
565 2842 640 2908 Eae
671 2841 816 2909 tabulae
847 2841 1116 2927 respondebant
1145 2840 1442 2926 inscriptionibus

256 2952 524 3039 antiquioribus
547 2951 577 3017 Β
602 2954 636 3018 01
658 2950 696 3017 Ρ.
735 2950 961 3018 Hecataeum
984 2949 1186 3036 Aeschylus
1209 2951 1247 3016 in
1269 2950 1333 3017 illo
1356 2949 1444 3016 Per-

256 3082 384 3130 sarum
415 3061 525 3129 choro
554 3061 815 3129 conscribendo
843 3061 1033 3128 000001011.
1078 3061 1310 3128 Recentiores
1337 3060 1442 3126 tabu-

255 3175 327 3256 100,
360 3193 515 3260 quarum
546 3173 595 3238 ad
621 3173 829 3259 exemplum
851 3173 1030 3239 recentior
1056 3171 1242 3258 inscriptio
1265 3170 1359 3237 NRa
1381 3191 1442 3236 ex-

256 3303 383 3370 pressa
411 3287 502 3366 erat,
535 3285 611 3350 sive
633 3284 854 3351 Demaratus
883 3283 927 3364 (01
948 3282 1234 3350 Trautweinium
1261 3281 1442 3360 audimus)

256 3395 334 3460 sive
366 3392 459 3459 alius
491 3397 617 3460 auctor
649 3392 812 3462 Graecus
843 3395 1009 3480 inspexit.
1064 3393 1122 3460 Ex
1152 3392 1222 3460 hoc
1256 3395 1342 3479 (qua
1371 3392 1443 3474 via,

257 3523 474 3589 quocunque
489 3503 642 3571 fortasse
658 3506 821 3588 circuitu,
844 3524 994 3591 prorsus
1016 3505 1212 3586 nescimus)
1235 3502 1445 3571 Herodotus

258 3633 326 3680 sua
349 3613 542 3697 derivavit,
566 3616 617 3682 ita
639 3615 802 3701 quidem,
826 3616 925 3681 utin
948 3616 1051 3682 100110
1074 3614 1168 3682 libro
1192 3614 1360 3699 scriptori
1380 3633 1445 3700 po-

258 3724 379 3810 pulari
408 3722 491 3809 plus
525 3724 722 3792 confideret
752 3729 787 3792 et
808 3724 1033 3793 Hecataeum
1060 3723 1249 3791 adhiberet
1275 3723 1313 3789 in
1340 3727 1443 3809 parte

259 3833 421 3921 quadam
451 3836 632 3900 terrarum
664 3836 932 3920 perscribenda.
979 3833 1079 3914 Quae
1106 3836 1137 3901 si
1163 3835 1215 3901 ita
1237 3853 1274 3900 se
1298 3833 1443 3917 habent,

258 3945 322 4012 illo
345 3945 424 4012 loco
448 3944 576 4012 eodem
591 3943 688 4010 fonte
704 3965 792 4011 usus
815 3950 877 4028 est,
902 3966 974 4033 quo
989 3943 1194 4030 Aeschylus
1216 3944 1255 4011 in
1277 3944 1340 4012 illo
1365 3965 1444 4012 car-

259 4057 367 4139 mine,
389 4056 441 4122 ita
461 4058 503 4121 01
516 4054 691 4122 Hecataei
704 4056 834 4121 Asiam
857 4076 901 4123 ex
924 4059 1074 4136 utroque
1093 4056 1280 4124 restituere
1303 4058 1338 4122 01
1360 4075 1444 4140 000-

219 4149 227 4162 ’
259 4167 359 4255 01000
381 4165 499 4234 liceat.
545 4165 586 4235 Si
606 4171 713 4252 poeta
737 4186 811 4233 non
838 4167 914 4252 ipse
937 4165 1163 4233 Hecataeum
1185 4167 1356 4253 inspexit,
1380 4165 1445 4232 sed

261 4276 510 4364 Phrynichum
537 4280 665 4344 testem
696 4277 871 4364 sequitur,
901 4276 987 4344 huic
1010 4276 1282 4345 (1011001001110Ι
1327 4275 1444 4361 Phry-

260 4387 410 4455 nichum
442 4389 538 4455 enirn
568 4408 641 4454 non
673 4389 793 4456 solum
823 4390 1077 4472 argumentum
1108 4409 1174 4455 000
1197 4387 1339 4474 prologi
1366 4385 1445 4452 sola

260 4499 375 4566 verba
389 4498 571 4584 Aeschylo
593 4501 815 4587 praebuisse,
839 4500 1028 4567 sedetiam
1051 4501 1234 4567 actionum
1256 4500 1291 4564 01
1313 4498 1445 4563 000110·
