3496 5248
723 557 930 621 -30—

233 744 376 810 astabat
399 743 618 828 alteriusque
640 742 897 824 narrationem,
921 761 1032 828 quam
1051 762 1124 808 non
1146 742 1332 827 Ignoraret
1354 764 1419 812 au-

104 893 106 898 ,
232 852 362 920 (tiebat.
408 849 649 920 Pulcherrina
671 854 792 918 autem
814 871 937 935 scena,
961 871 1035 939 qua
1056 853 1216 937 virgines
1239 854 1415 941 Agyptio-

231 983 316 1030 rum
338 981 470 1030 navem
495 965 727 1049 prospectant
749 965 785 1030 et
808 963 1120 1050 appropinquante
1146 983 1325 1050 praecone
1346 969 1419 1034 tre·

236 1073 382 1159 pidant,
421 1073 619 1141 omittenda
656 1076 743 1141 erat.
796 1073 954 1159 Egregie
990 1094 1089 1141 nunc
1125 1075 1221 1160 regis
1259 1076 1417 1144 adventu

232 1184 404 1271 Aegyptii
432 1184 589 1252 audacia
614 1183 803 1270 repellitur
830 1186 864 1251 et
891 1203 1056 1251 summus
1083 1184 1269 1270 vlrginum
1300 1189 1420 1254 terror

232 1295 388 1362 sedatur.
432 1293 559 1382 Itaque
586 1299 622 1363 et
647 1296 799 1363 rationis
831 1298 867 1361 et
898 1295 1167 1381 compositionis
1196 1295 1419 1366 dramaticae

231 1406 404 1472 intererat
418 1424 542 1491 regem
556 1426 630 1472 non
650 1407 752 1493 prius
767 1405 896 1488 redire,
920 1404 1075 1473 Gilberti
1096 1425 1183 1473 vero
1200 1405 1312 1475 dubia
1326 1407 1417 1476 Bue-

233 1515 367 1584 cheleri
390 1518 425 1584 et
445 1514 575 1583 Dielsii
597 1517 812 1584 sententiam
834 1536 907 1582 non
930 1515 1159 1584 labefactant.

319 1679 359 1760 ¹¹)
381 1678 541 1746 Dielsius
571 1677 736 1746 Herodot
765 1678 844 1744 und
874 1677 1083 1767 Hekataeos
1116 1698 1150 1764 p·
1175 1682 1237 1747 433
1269 1678 1419 1748 Strabo-

231 1809 316 1856 nem
338 1788 446 1857 XVII
468 1793 531 1856 800
553 1809 599 1856 ex
620 1787 804 1856 Hecataeo
826 1789 985 1875 pendere
1009 1789 1241 1856 demonstrat.

320 1960 358 2041 ¹²)
380 1958 484 2027 Idem
508 1960 552 2027 de
567 1958 758 2046 Naupacto
782 1959 979 2028 dicendum
1002 1962 1055 2027 est
1070 1958 1193 2046 Suppl.
1218 1964 1280 2026 aba
1304 1960 1415 2028 schol.

233 2069 367 2157 Ephor.
399 2069 441 2137 fr.
469 2073 508 2136 14
530 2069 578 2136 Μ.
625 2069 756 2138 Strabo
778 2069 835 2136 IX
867 2072 928 2136 853
951 2068 1116 2136 Eustath.
1146 2069 1194 2137 ad
1216 2069 1256 2136 B.
1281 2075 1352 2137 276.
1378 2107 1418 2116 —

233 2179 367 2256 Nescio
383 2199 431 2246 an
445 2180 539 2248 inter
553 2179 728 2267 Aeschyli
741 2181 856 2248 verba
875 2173 963 2243 ἐστιν
985 2171 1086 2254 πόλις
1100 2171 1259 2261 Κάνωβος
1281 2180 1417 2262 (Prom.

235 2289 320 2373 844),
348 2294 383 2356 et
405 2287 595 2359 Strabonis
617 2283 777 2372 Κάνωβος
803 2277 917 2354 δ’ἐστὶ
943 2287 1043 2366 πόλις
1070 2290 1269 2357 similitudo
1298 2291 1419 2358 ouius-

233 2401 320 2467 dam
345 2402 520 2468 momenti
549 2403 679 2469 existat
705 2400 825 2483 (XVII
847 2404 934 2481 801).
980 2398 1087 2480 Quod
1113 2401 1144 2468 si
1170 2402 1221 2467 ita
1253 2403 1320 2483 est,
1348 2400 1418 2468 He:

232 2511 349 2578 cataei
370 2512 484 2579 verba
506 2511 553 2578 ab
575 2515 728 2598 utroque
751 2531 923 2598 expressa
944 2510 1132 2579 habemus.

322 2671 359 2753 ¹³)
383 2670 608 2758 Salmydessi
638 2692 772 2739 nomen
803 2672 902 2759 apud
933 2671 1076 2738 nullum
1105 2676 1251 2758 poetam
1279 2674 1423 2758 epIcum

234 2782 385 2868 legitur3
408 2781 605 2869 Sophocles
629 2783 763 2867 (AntIg.
788 2782 876 2864 970),
900 2780 1083 2849 trochaice
1105 2780 1218 2848 affert.

322 2928 359 3010 ¹¹)
382 2928 451 2996 Die
478 2926 739 3015 altpersischen
761 2924 1070 3008 Keilinsehriften,
1094 2945 1166 2992 von
1188 2925 1246 2992 Fr.
1264 2925 1420 3012 Spiegel,

237 3039 397 3126 Leipzig,
421 3043 450 3105 2.
473 3039 587 3123 Ausg.
614 3041 705 3104 1881.

328 3183 365 3268 ¹⁵)
388 3182 456 3251 His
488 3183 608 3250 verbis
640 3181 774 3249 additis
806 3202 839 3268 p.
867 3185 923 3265 49,
953 3187 968 3246 1
1003 3181 1246 3248 demonstrari
1274 3182 1420 3274 videtur

237 3295 404 3362 consulto
426 3293 525 3362 hunc
548 3294 713 3361 ordinem
736 3294 971 3396 observatum
992 3311 1080 3359 esse.

325 3453 364 3538 16)
388 3453 545 3541 Spiegeli
567 3456 669 3540 siglis
689 3459 848 3522 utemur:
871 3452 1151 3537 B-Behistanm,
1173 3452 1424 3541 P·Persepoli-

237 3568 360 3647 tanuS,
391 3563 644 3652 NRa-Naqs-i
664 3565 819 3633 Rustam
846 3565 1019 3651 repertus.
1065 3562 1278 3629 PMediam
1305 3565 1424 3650 prima

238 3678 340 3762 parte
355 3673 501 3760 profert,
524 3674 554 3741 B
571 3676 740 3742 secunda.
780 3673 811 3741 P
827 3674 997 3741 videlicet
1018 3692 1083 3758 per
1105 3691 1264 3739 errorem
1280 3674 1422 3740 Arabes

237 3790 273 3852 et
293 3784 465 3870 Assyrios
486 3786 611 3850 mutat.

328 3947 366 4030 ¹¹)
388 3945 511 4013 Persis
532 3946 587 4012 roi
607 3945 750 4013 navalis
773 3949 860 4013 tunc
882 3945 1058 4032 imperitis
1082 3943 1177 4009 mari
1199 3945 1423 4012 continentes

241 4058 497 4142 multomagis
521 4056 684 4123 distineri
707 4056 925 4123 videbantur
947 4076 1059 4142 quam
1079 4052 1229 4122 Graecis
1252 4055 1345 4121 inter
1367 4073 1423 4120 re-

241 4188 384 4236 morum
417 4169 607 4254 strepitum
638 4168 744 4254 quasi
774 4166 908 4233 adultis
941 4165 1050 4248 (Pers.
1076 4169 1116 4232 93
1132 4185 1220 4252 sqq,
1251 4168 1322 4231 551.
1352 4168 1422 4230 670.

243 4283 314 4347 888.
344 4282 415 4345 923.
469 4277 554 4344 Her.
578 4277 651 4344 VII
672 4282 729 4360 443
758 4277 849 4344 VIII
871 4280 922 4360 68,
961 4276 1003 4344 cf.
1034 4275 1216 4346 Sandanis
1248 4274 1280 4359 (I
1303 4273 1356 4357 71)
1389 4275 1425 4340 et

245 4389 332 4476 Cyri
353 4388 422 4471 (IX
447 4389 533 4471 122),
560 4389 605 4456 de
627 4388 748 4456 PersIs
772 4388 877 4455 dicta.
923 4387 1059 4455 Dubito
1089 4407 1135 4453 an
1162 4385 1325 4473 reliquiis
1346 4383 1424 4469 qui-

242 4501 401 4567 busdam
424 4500 551 4566 aetatis
565 4499 739 4584 Assyriae
761 4500 898 4566 Iactum
916 4499 971 4582 sit,
993 4501 1034 4564 ut
1048 4499 1213 4582 regiones
1230 4495 1277 4562 ab
1293 4511 1424 4562 occasu
