3496 5248
788 519 1000 638 -31-·

307 762 425 830 levem
447 781 601 848 poenam
616 761 847 847 imposituros
862 759 981 826 misse.
1022 757 1239 826 Clementiae
1254 759 1366 844 igitur
1379 777 1482 845 prae-

306 874 403 941 texto
434 875 510 939 tam
546 871 641 939 futili
669 871 733 938 vix
764 890 984 958 quemquam
1013 870 1149 937 nedum
1183 867 1356 944 Hecataei
1387 868 1482 936 criti-

308 1003 389 1051 cam
412 983 527 1050 aciem
550 982 716 1069 decipere
738 983 912 1068 poterant.
937 972 1168 1048 -Fortasse
1194 981 1302 1047 etiam
1325 989 1483 1066 eaquae

307 1079 352 1161 de
374 1091 538 1179 Pelasgis
561 1094 607 1160 ab
631 1093 717 1160 aliis¹
734 1093 893 1179 expulsis
916 1091 1049 1159 similia
1063 1093 1318 1174 narrabantur,
1340 1090 1440 1158 velut
1462 1109 1484 1154 a

308 1205 490 1273 Thessalis
506 1204 561 1286 (cf.
577 1203 731 1272 Deiochi
745 1204 787 1270 fr.
806 1210 823 1267 5
840 1202 1031 1287 Muelleri)‚
1054 1202 1228 1270 Hecataei
1243 1203 1485 1288 suspicionem

306 1317 510 1385 movebant.

396 1453 435 1535 ³²)
458 1451 556 1524 Nam
571 1473 617 1519 ex
628 1451 823 1538 sculpturis
837 1451 920 1535 illis,
937 1452 1068 1538 quibus
1083 1470 1186 1536 reges
1201 1470 1259 1518 res
1275 1471 1298 1518 a
1312 1470 1350 1517 se
1365 1453 1485 1536 gestas

309 1567 343 1631 et
366 1564 489 1650 copias
517 1582 601 1630 suas
629 1563 727 1629 sanis
753 1561 885 1662 infixas
913 1582 1042 1630 ornare
1065 1566 1100 1629 et
1120 1562 1316 1630 memoriae
1342 1562 1485 1629 tradere

310 1675 475 1742 solebant
488 1672 695 1741 Herodotus
719 1675 933 1742 vestimenta
954 1674 1113 1742 barbara
1135 1694 1208 1741 non
1231 1674 1393 1760 sumpsit,
1415 1674 1486 1740 nisi

308 1786 399 1854 forte
418 1775 536 1865 χάλκεα
557 1776 685 1870 κράνεα,
708 1784 857 1860 κιθῶνας
874 1778 1047 1860 ποικίλους
1063 1783 1147 1867 (VII
1163 1785 1215 1867 61)
1236 1777 1370 1870 ῥόπαλα
1386 1775 1486 1861 ξύλων

309 1892 510 1978 τετυλωμένα
542 1888 665 1982 σιδήρῳ
696 1891 819 1972 λινέους
850 1888 1007 1981 θώρηκας
1028 1897 1095 1978 (63)
1122 1888 1200 1972 τόξα
1227 1888 1395 1976 καλάμινα
1419 1897 1484 1977 (65)

309 2008 429 2090 εἵματα
450 2003 639 2089 βεβαμμένα
663 2007 729 2090 (67)
756 2000 864 2089 ζειρὰς
893 2000 1051 2082 ποικίλας
1081 2007 1149 2091 (75)
1185 2027 1273 2074 saxo
1305 1997 1486 2093 irlsculpta

311 2120 486 2205 distingui
511 2139 617 2206 posse
638 2120 843 2188 ”credemus
890 2118 1124 2204 singularum
1156 2139 1298 2206 quoque
1325 2119 1487 2204 gentium

308 2233 347 2298 111
377 2232 508 2299 vestitu
540 2231 794 2298 similitudines
822 2230 887 2297 tali
912 2229 1021 2296 modo
1043 2230 1157 2296 multo
1179 2230 1300 2296 minus
1322 2229 1487 2296 animad-

309 2343 402 2410 verti
428 2345 608 2429 poterant3
647 2341 691 2408 de
720 2342 851 2428 quibus
878 2340 1085 2409 Herodotus
1111 2341 1289 2428 plurimus
1316 2346 1377 2408 est.
1421 2340 1487 2408 Tot

311 2456 432 2520 autem
454 2455 579 2537 gentes
602 2453 677 2518 tam
701 2450 892 2537 diligenter
913 2451 1039 2519 tabula
1060 2452 1175 2538 pietas
1195 2471 1273 2520 esse
1296 2453 1416 2521 nescio
1439 2472 1486 2518 an

309 2583 381 2628 non
403 2563 522 2647 magis
545 2561 717 2630 credibile
740 2563 794 2629 sit.

398 2698 517 2781 33)111’.
546 2702 576 2765 4.
622 2697 811 2767 Choerilus
835 2698 958 2786 Syrios
981 2697 1269 2766 Palaestinenses
1292 2699 1398 2784 longe
1422 2699 1487 2766 ali-

310 2813 366 2878 ter
391 2809 563 2878 describit
590 2813 696 2898 atque
720 2809 927 2878 Herodotus
947 2809 1035 2892 (VII
1059 2810 1122 2892 Sti).
1146 2846 1187 2854 -
1211 2807 1317 2888 Quod
1339 2808 1383 2878 de
1407 2809 1487 2879 Ori-

310 2921 411 3008 thyia
432 2921 493 2989 ille
509 2921 593 3008 agit,
617 2922 710 2990 sicut
724 2921 931 2990 Herodotus
953 2919 1039 3000 (VH
1056 2919 1140 3004 189),
1163 2941 1208 2988 ne
1231 2920 1324 2988 lecta
1339 2922 1485 3007 quidem

311 3033 357 3099 ab
379 3031 449 3100 hoc
465 3032 562 3100 illius
578 3031 725 3100 Persica
748 3033 970 3119 comprobat,
992 3031 1128 3099 nedum
1143 3032 1333 3117 exscripta.
1362 3069 1385 3075 -
1407 3031 1448 3097 fr.
1466 3035 1484 3098 3

312 3143 356 3210 de
384 3142 486 3212 Sacis
518 3144 564 3211 ab
595 3142 780 3210 Herodoto
811 3143 918 3229 plane
947 3142 1127 3229 discrepat
1149 3140 1200 3225 (V
1200 3140 1238 3208 H
1261 3141 1334 3223 64),
1368 3161 1483 3229 neque

311 3253 388 3319 ulla
410 3252 655 3332 similitudinis
677 3252 771 3319 inter
792 3255 985 3339 utrumque
1008 3253 1067 3320 vel
1089 3253 1220 3319 umbra
1244 3254 1401 3340 apparet.
