3496 5248
717 549 929 612 „pg—

228 732 406 818 posterior
438 731 486 797 ad
518 731 593 798 vim
618 731 774 817 pertinet
804 731 866 814 (de
895 751 968 818 qua
995 731 1106 800 schol.
1134 731 1266 800 Aesch.
1291 731 1418 819 Suppl.

229 843 313 925 919).
363 841 533 910 Nauckio
559 842 662 909 locus
690 842 879 910 obscurior
910 841 1118 926 videbatur,
1148 843 1344 927 immerito,
1376 845 1421 909 ut·

225 956 323 1039 pute.
369 953 437 1020 lllo
469 941 534 1015 κάκ
565 951 666 1015 τῶνδε
690 952 865 1039 Aeschyli
895 953 1132 1039 significatur,
1164 957 1273 1020 antea
1296 953 1341 1020 de
1363 955 1420 1020 eis
1517 1027 1519 1030 ,

228 1064 367 1132 dictum
389 1082 481 1146 esse,
509 1063 706 1144 exquibus
735 1064 860 1130 vinum
883 1063 975 1131 illud
1002 1067 1276 1150 compararetur
1297 1084 1420 1150 neque

227 1175 441 1257 errabimus,
465 1174 496 1240 si
510 1172 686 1242 Hecataei
706 1175 820 1242 verba
842 1175 952 1241 citata
976 1175 1029 1256 (fr.
1056 1178 1131 1255 123)
1154 1175 1415 1262 supplebimus,

229 1282 329 1365 Quae
344 1283 549 1352 Hecataeus
575 1286 652 1372 ipse
679 1285 723 1352 de
744 1287 1014 1371 comparatione
1037 1289 1072 1353 et
1095 1286 1139 1353 de
1161 1286 1200 1353 vi
1221 1285 1416 1353 hordeacei

225 1393 429 1478 tradiderit,
462 1395 580 1462 eidem
607 1393 782 1480 Aeschyli
814 1416 859 1462 ex
884 1395 1055 1482 Lycurgo
1082 1415 1210 1463 versus
1242 1397 1280 1462 ni
1306 1395 1421 1463 fallor·

228 1507 367 1589 docent,
390 1507 442 1572 ita
464 1507 564 1572 utin
586 1505 876 1591 fragmentorum
899 1505 1173 1574 collectionibus
1198 1506 1290 1574 alter
1312 1506 1416 1572 alteri

225 1617 328 1685 locus
350 1619 391 1683 ut
417 1617 666 1683 testimonium
693 1617 740 1683 sit
767 1616 1031 1702 adiungendus.
1076 1616 1272 1684 Praeterea
1293 1618 1420 1684 nescio

229 1747 277 1794 an
300 1729 417 1794 totum
431 1725 609 1794 Herodoti
631 1727 755 1794 locum
770 1726 808 1793 Π
823 1732 841 1793 7
846 1733 863 1792 7
886 1726 1062 1795 Hecataei
1076 1728 1281 1813 fragmento
1298 1727 1417 1794 eidem

228 1836 440 1905 addendum
464 1856 542 1904 esse
565 1840 661 1906 recte
683 1838 872 1906 iudicetur.
918 1837 987 1904 Illo
1015 1839 1112 1905 enim
1134 1838 1214 1905 loco
1238 1836 1418 1922 singulari

226 1949 404 2017 brevitate
419 1949 464 2016 de
482 1948 651 2016 omnibus
666 1948 776 2015 rebus
791 1949 912 2032 agitur
926 1949 978 2016 ita
992 1952 1033 2015 ut
1048 1950 1283 2036 suspicemur,
1299 1947 1416 2016 Hero-

228 2058 355 2127 dotum
369 2078 443 2126 non
458 2059 619 2145 primum
634 2078 721 2142 esse,
745 2059 808 2146 qui
822 2059 944 2126 tradat
960 2080 1003 2126 ea
1019 2059 1075 2140 (cf.
1092 2058 1155 2126 VI.
1173 2063 1223 2142 55,
1240 2058 1306 2126 ΙΙΙ.
1326 2059 1417 2139 1031)

314 2240 338 2319 ⁷)
363 2236 416 2306 Cf.
440 2236 619 2307 Steinium
646 2239 694 2306 ad
717 2237 802 2306 Her.
827 2239 866 2306 ΙΙ
890 2243 960 2306 114.
993 2237 1109 2305 Miror
1131 2258 1204 2325 qua
1233 2239 1278 2306 de
1302 2256 1415 2304 causa

225 2368 333 2415 nemo
356 2347 477 2416 adhuc
501 2349 545 2416 de
560 2348 738 2432 Theonoe,
762 2369 855 2436 quae
874 2350 914 2416 in
927 2348 1115 2435 Euripidis
1134 2347 1278 2415 Helena
1291 2346 1415 2414 Protei

226 2459 323 2544 regis
355 2478 458 2525 soror
489 2461 556 2541 est,
590 2460 758 2545 cogitarit
789 2461 892 2527 cuius
920 2461 1032 2528 solius
1060 2459 1196 2526 auxilio
1225 2457 1419 2525 Menelaus

227 2589 312 2637 cum
333 2589 448 2636 uxore
470 2569 595 2654 fugere
618 2571 743 2656 potest.
782 2569 883 2638 Sicut
906 2571 1003 2637 enim
1024 2568 1158 2637 Thonis
1182 2569 1281 2656 apud
1299 2567 1416 2636 Hero-

228 2680 356 2748 dotum
377 2681 457 2765 regi
479 2679 640 2746 studiose
661 2682 788 2746 narrat
806 2680 1061 2747 Alexandrum
1084 2681 1220 2761 adesse,
1243 2681 1295 2745 ita
1317 2677 1416 2764 apud

229 2789 443 2877 Euripidem
464 2789 632 2857 Tmonoe
659 2790 809 2856 retineri
835 2791 897 2856 vix
922 2792 1054 2876 potest,
1082 2790 1171 2875 quin
1194 2789 1317 2854 omnia
1338 2787 1418 2872 regi

226 2901 368 2989 prodat,
392 2920 485 2988 quae
511 2903 594 2986 post
615 2899 775 2968 Menelai
797 2900 995 2967 adventum
1020 2899 1119 2966 facta
1145 2899 1217 2966 sint
1239 2898 1313 2979 (821
1337 2917 1418 2984 sqq,

228 3011 385 3094 Nauck).
416 3011 528 3098 Apud
542 3009 746 3078 Homerum
762 3013 884 3078 autem
898 3009 1032 3077 Thonis
1047 3030 1142 3077 uxor
1155 3008 1319 3077 Helenae
1333 3008 1419 3076 her·

227 3123 295 3192 bas
327 3122 491 3190 salubres
522 3121 635 3188 tradit
665 3119 697 3201 (d
719 3122 796 3204 228)
819 3120 1059 3207 Polydamna
1091 3140 1185 3207 quae
1207 3119 1413 3187 similitudi-

228 3255 313 3301 nem
336 3233 525 3321 quandum
552 3253 637 3300 cum
662 3233 727 3300 illa
748 3232 899 3300 fatidica
926 3252 998 3298 anu
1020 3230 1207 3318 Euripidis
1234 3231 1422 3318 praeferre·

228 3343 320 3411 mjhi
350 3344 503 3411 videtur.
552 3343 655 3412 Haeo
685 3344 798 3428 igitur
827 3345 868 3409 ut
898 3343 1050 3410 Homeri
1076 3342 1186 3416 Θῶνος
1217 3333 1420 3424 παράκοιτις

115 3521 118 3528 λ
231 3455 357 3521 divina
383 3455 560 3540 sapientia
587 3453 767 3541 praedita,
793 3457 836 3520 ut
856 3453 1034 3520 Herodoti
1054 3452 1189 3520 Thonis
1216 3452 1422 3539 hospitibus
1524 3504 1554 3520 ἢ,

229 3563 378 3647 infesta,
409 3565 512 3631 initio
535 3565 702 3651 quidem,
734 3568 787 3631 est
814 3567 849 3632 et
872 3563 1037 3630 medium
1063 3564 1274 3630 versionum
1294 3562 1418 3630 locum

232 3676 326 3742 inter
351 3677 546 3760 utmmrque
573 3678 678 3742 tenet.
724 3674 950 3742 Hecataeum
977 3693 1121 3760 quoque
1150 3671 1195 3740 de
1216 3671 1359 3740 Helena
1379 3673 1419 3738 in

232 3787 399 3872 Aegypto
434 3787 581 3851 versata
612 3785 747 3852 dixisse
782 3786 943 3871 primum
970 3783 1129 3851 Dielsius
1152 3783 1190 3865 (l.
1218 3783 1260 3865 c.)
1285 3782 1416 3851 docuit.

233 3896 353 3977 Quam
383 3895 617 3963 traditionem
647 3896 678 3961 is
701 3898 846 3963 secutus
876 3896 923 3962 sit
954 3893 1097 3962 definiri
1123 3895 1187 3960 vix
1212 3896 1330 3980 potest
1350 3914 1420 3961 nec

233 4011 412 4096 quantum
441 4006 641 4093 pertinuert
671 4005 748 4072 eius
780 4007 941 4072 narratio
972 4005 1020 4072 ad
1042 4003 1217 4090 Aeschyli
1247 4002 1420 4072 Proteum

233 4119 352 4201 liquet.

322 4274 347 4356 8)
365 4269 578 4370 Herodotus
615 4269 653 4337 Il
693 4274 744 4354 92,
768 4270 812 4337 de
849 4267 975 4355 byblo'
999 4269 1075 4353 agit
1110 4271 1162 4336 ita
1198 4268 1346 4355 quidem
1378 4269 1422 4331 ut

236 4383 352 4452 obiter
375 4382 483 4470 plane
511 4383 587 4450 eius
612 4401 720 4448 usum
743 4379 897 4466 explicet
929 4377 1051 4460 (Stein.
1076 4379 1178 4463 al),
1211 4377 1309 4445 unde
1340 4397 1419 4443 sus-

239 4495 355 4580 picari
377 4492 471 4575 licet,
504 4491 669 4558 consulto
693 4493 833 4556 tantam
856 4489 1071 4558 brevitatem
1095 4489 1289 4575 placuisse,
1321 4486 1421 4574 quod
