3496 5248
800 517 989 578 ..9-

303 696 371 779 (IV
396 699 470 778 110)
503 697 547 765 de
572 698 700 764 itinere
726 696 957 765 Amazonum
988 698 1108 779 tradit,
1141 697 1343 765 admodum
1372 697 1488 764 refra-

304 811 438 894 gantur
451 808 654 876 narrationi
667 807 903 895 Aeschyleae,
923 827 1012 877 nam
1025 807 1086 876 hic
1110 807 1222 876 tradit
1236 807 1489 876 Amazonibus

304 917 494 986 meridiem
509 937 638 986 versus
652 918 926 1005 procedendum
947 919 1069 1003 fuisse,
1092 916 1300 986 Herodotus
1323 922 1446 986 autem
1462 937 1485 984 a

303 1027 568 1098 Thermodonte
591 1029 872 1116 septentrionem
887 1047 1025 1098 versus.
1064 1025 1199 1110 Quare
1218 1028 1338 1115 opinio
1360 1030 1487 1096 nostra

206 1133 211 1138 ’
303 1140 408 1207 111116
428 1159 502 1206 666
524 1139 574 1207 fit.
611 1136 741 1226 Neque
763 1140 860 1206 enim
881 1139 1040 1228 priorem
1056 1139 1241 1227 quendam
1262 1139 1301 1206 in
1322 1137 1381 1206 his
1398 1139 1488 1207 seri·

302 1254 444 1336 plorem
465 1249 673 1317 Herodotus
696 1250 879 1336 exprimit,
912 1269 996 1317 cum
1017 1252 1093 1317 tarn
1116 1250 1283 1337 copiosus
1307 1250 1354 1316 sit
1375 1249 1421 1316 de
1443 1268 1487 1316 ea

303 1380 352 1443 re,
375 1363 417 1427 ut
436 1361 621 1427 neminem
643 1363 750 1428 antea
765 1359 895 1428 eadem
916 1379 1086 1428 narrasse
1099 1359 1274 1444 colligere
1293 1359 1486 1446 possimus,

303 1471 375 1537 nisi
396 1471 487 1537 forte
512 1470 629 1538 credis
652 1490 675 1537 a
697 1489 735 1537 se
757 1472 877 1558 ipsum
899 1471 975 1540 illic
991 1469 1197 1538 descivisse.
1234 1467 1324 1538 Veri
1347 1468 1490 1537 similli-

302 1601 406 1648 mum
427 1584 482 1648 est
503 1582 591 1649 istas
614 1581 840 1649 narrationes
863 1600 947 1650 eum
976 1601 999 1648 a
1022 1579 1172 1650 Graecis
1194 1580 1356 1649 Ponticis
1384 1579 1490 1647 audi·

304 1692 400 1760 visse
437 1690 651 1778 schedisque
688 1693 763 1760 suis
800 1693 1033 1761 commisisse.
1093 1692 1211 1760 Immo
1249 1692 1367 1760 elucet
1403 1693 1489 1758 ante

303 1800 530 1869 Herodotum
553 1801 663 1870 aliam
695 1801 740 1870 de
761 1802 1012 1871 Amazonibus
1044 1803 1275 1870 traditionem
1296 1802 1487 1887 vulgatam

303 1911 425 1996 brisce,
441 1932 550 1993 quarn
571 1912 632 1979 ille
651 1914 868 2000 impugnare
884 1917 919 1980 et
933 1913 1078 1981 abolere
1093 1914 1246 1981 videtur.
1281 1911 1350 1980 Cui
1365 1915 1488 1980 autem

305 2022 511 2104 obloquitur
540 2023 722 2108 libentius,
754 2044 863 2105 quam
893 2023 1097 2092 Hecataeo?
1142 2022 1262 2104 Quare
1293 2023 1379 2091 hinc
1403 2043 1489 2105 quo·

305 2153 372 2215 que
396 2154 508 2202 causa
536 2139 660 2202 nostra
691 2135 936 2203 confirmatur.
984 2135 1079 2202 Ante
1100 2133 1330 2202 Herodotum
1361 2153 1405 2201 ea
1434 2133 1489 2200 fa·

305 2245 412 2312 bulae
427 2245 546 2312 versio
569 2245 769 2332 plurimum
784 2246 939 2329 valebat,
956 2265 1065 2327 quam
1079 2244 1296 2328 Hecataeus,
1315 2246 1355 2312 ni
1369 2244 1489 2326 fallor,

304 2375 350 2423 ex
372 2355 575 2422 Amazonia
596 2355 656 2422 vel
676 2354 851 2422 Theseide
874 2356 1035 2423 carmine
1058 2356 1159 2442 epioe
1190 2358 1377 2422 muluatus
1400 2374 1488 2422 suae

304 2466 437 2532 rationi
469 2463 817 2533 accommodaverat.
866 2464 1032 2533 Eandem
1064 2467 1311 2533 narrationem
1343 2468 1489 2533 secutus

306 2578 360 2641 est
374 2574 589 2661 Aeschylus,
606 2576 669 2662 qui
691 2596 775 2644 cum
796 2577 1071 2657 nonnumquam
1094 2596 1178 2644 cum
1201 2576 1405 2643 Amazonia
1426 2575 1493 2642 illa

307 2687 517 2768 consentiat,
540 2685 621 2753 fieri
642 2690 759 2772 potest
789 2690 829 2754 ut
859 2708 934 2754 non
964 2688 1085 2775 ipsum
1116 2707 1264 2754 carmen
1296 2687 1361 2754 sed
1388 2687 1492 2770 logo·

306 2795 439 2884 graphi
461 2797 538 2864 eius
560 2787 733 2884 excerpta
755 2799 981 2884 exprimeret.
1014 2798 1088 2868 Sed
1109 2798 1201 2866 haec
1223 2817 1356 2885 parum
1379 2801 1488 2865 certa.

306 2904 413 2986 Quod
436 2910 466 2975 si
488 2929 615 2976 verum
638 2909 697 2976 vel
718 2910 797 2977 veri
828 2913 923 2977 certe
955 2910 1073 2977 simile
1096 2929 1174 2977 esse
1202 2909 1350 2977 fatearis
1372 2908 1492 2977 Heca-

305 3020 428 3085 taeum
450 3020 543 3086 inter
565 3018 750 3086 fabulares
772 3019 884 3086 fuisse
898 3019 1082 3106 Aeschylo
1103 3023 1279 3103 66616166,
1303 3039 1345 3086 66
1368 3019 1491 3085 161666

306 3129 458 3214 negabis
495 3129 653 3195 eundem
684 3131 831 3214 propter
861 3131 1063 3215 periegesin
1096 3129 1302 3196 consultum
1333 3145 1411 3194 esse
1444 3129 1493 3194 ab

307 3237 499 3321 Aeschylo.
544 3237 589 3302 In
612 3257 680 3316 quo
704 3256 836 3320 genere
859 3241 913 3304 est
933 3238 994 3304 ille
1018 3237 1063 3304 de
1084 3238 1283 3324 provinciis
1305 3237 1418 3321 locus,
1442 3238 1491 3305 ad

310 3367 416 3425 quem
437 3347 549 3430 longa
571 3346 636 3413 sed
650 3347 857 3414 necessaria
872 3347 1066 3432 ambagine
1088 3346 1245 3414 redeam.
1285 3345 1358 3416 Sed
1371 3349 1492 3435 prius-

309 3475 417 3536 quam
433 3454 657 3524 Graecorum
671 3461 908 3524 monumenta
923 3457 1161 3541 conferamus,
1172 3477 1240 3544 age
1255 3459 1492 3546 inspiciamus

309 3566 551 3634 barbarorum
575 3567 696 3648 qualia
726 3569 909 3656 insculpta
931 3569 1098 3637 videmus
1131 3569 1177 3636 ab
1208 3569 1287 3656 ipsc
1309 3569 1431 3638 Dareo
1453 3572 1493 3638 in

310 3680 431 3745 monte
462 3677 659 3746 Behistano
692 3679 736 3747 de
767 3681 965 3767 provinciis
1002 3681 1106 3765 regni
1137 3679 1343 3748 Persarum.
1394 3679 1492 3748 Hinc

311 3790 409 3856 enim
431 3775 556 3857 dubito
580 3809 627 3857 an
649 3790 789 3858 fructus
812 3790 923 3872 aliqui
950 3790 1036 3858 huic
1067 3792 1121 3859 rei
1151 3792 1198 3860 sit
1226 3790 1492 3879 percipiendus

312 3899 398 3968 Tres
419 3900 672 3986 inscriptiones
699 3904 863 3988 repertae
886 3905 970 3969 sunt
993 3922 1146 3984 quarum
1170 3902 1363 3989 explicatio
1383 3899 1494 3968 1166-

283 4010 466 4078 .linsoni0
488 4009 688 4078 Burnoufio
710 4010 885 4078 Lassenio
917 4012 998 4080 aliis
1027 4012 1180 4081 debetur
1211 4012 1257 4080 de
1288 4011 1493 4097 quibusque

182 4173 183 4176 ,
309 4140 429 4209 pauca
451 4121 483 4188 si
504 4120 647 4189 videtur
669 4142 765 4190 nunc
789 4127 1071 4208 exponentur.¹⁴)
1096 4121 1153 4204 (ci.
1175 4121 1263 4204 tab.)

396 4231 522 4300 Prima
547 4232 690 4300 Dareus
720 4234 928 4320 provincias
959 4234 1031 4302 sibi
1061 4234 1233 4302 subactas
1262 4231 1335 4301 hoc
1366 4231 1494 4302 ordine

312 4346 519 4413 dinumerat
540 4343 574 4424 (l.
596 4364 625 4410 c.
647 4363 682 4430 p.
706 4344 753 4426 5)³
801 4344 979 4429 Persiam,
1012 4344 1220 4431 Susianam,
1256 4345 1494 4434 Babylonem,

311 4457 511 4542 Assyriam,
535 4454 723 4538 Arabiam,
745 4455 964 4542 Aegyptum,
996 4475 1058 4524 eos
1089 4459 1149 4538 qui
1178 4477 1280 4524 mare
1311 4457 1490 4538 accolunt,
