3496 5248
763 555 973 618 ...13-

273 739 496 808 orientalem.
541 738 584 806 ln
617 739 766 826 reliquis
796 741 953 826 permira
977 741 1213 809 consentiunt,
1254 740 1331 808 Aut
1352 741 1459 809 fallor

275 850 422 936 egregie
438 852 500 916 aut
514 868 640 918 omnes
654 846 725 917 hae
740 850 992 937 inscriptiones
1006 869 1080 918 uno
1099 850 1144 919 de
1159 849 1257 918 fonte
1272 849 1458 920 derivatae

274 963 370 1028 0001.
408 958 478 1040 Qui
493 960 611 1048 qualis
626 959 736 1028 fuerit
750 961 782 1027 si
797 961 961 1031 volemus
982 960 1170 1047 indagare,
1192 962 1352 1048 primum
1375 980 1460 1028 000-

274 1071 437 1139 siderare
452 1091 599 1139 necesse
615 1074 679 1155 est,
702 1070 874 1155 Dareum,
897 1091 970 1158 quo
989 1075 1137 1140 auctore
1160 1073 1366 1159 conscripta
1387 1073 1460 1140 sint

275 1181 353 1264 illa,
382 1185 505 1250 tamen
526 1182 648 1269 ipsum
670 1200 715 1248 ea
735 1181 960 1268 perscribere
983 1179 1220 1268 dignaturum
1242 1201 1316 1250 000
1336 1182 1457 1252 fuisse.

274 1291 397 1372 Quare
428 1293 558 1360 aulicis
590 1292 811 1380 quibusdam
842 1292 1038 1360 tribuenda
1059 1293 1230 1362 videntur
1254 1292 1300 1362 de
1326 1293 1459 1381 quibus

273 1405 431 1472 00111010
452 1404 673 1489 investigare
696 1402 953 1471 difficillimum
977 1407 1039 1472 est.
1085 1402 1238 1473 Summa
1267 1423 1329 1473 eos
1360 1403 1459 1493 apud

275 1533 400 1598 regem
423 1514 636 1581 auctoritate
657 1513 838 1597 floruisse,
862 1515 994 1601 quibus
1016 1514 1089 1582 tale
1110 1533 1244 1583 munus
1266 1513 1458 1583 mandare·

274 1628 353 1708 tur,
385 1624 424 1691 in
455 1628 579 1711 aperto
611 1627 673 1692 est.
718 1623 858 1693 Tabula
883 1625 1171 1711 provinciarum,
1202 1645 1248 1693 ex
1270 1644 1344 1712 qua
1372 1624 1458 1694 illae

274 1735 528 1821 inscriptiones
538 1735 783 1817 sumebantur,
799 1737 990 1822 permagni
1000 1737 1175 1804 momenti
1184 1736 1328 1804 videtur
1335 1735 1457 1819 fuisse,

274 1865 361 1912 eum
384 1866 429 1927 ex
452 1863 495 1912 ea
522 1845 679 1914 describi
700 1845 824 1913 titulos
851 1849 1132 1915 consentaneum
1155 1849 1191 1914 et
1212 1847 1459 1915 necessarium

272 1959 378 2024 esset.
417 1955 633 2023 Provinciae
656 1959 779 2024 autem
801 1976 845 2024 ea
866 1957 1026 2024 maxime
1047 1958 1187 2024 ratione
1210 1956 1398 2025 ordinatae
1419 1958 1459 2024 in

276 2086 320 2134 ea
342 2069 460 2151 erant,
492 2070 532 2134 ut
554 2067 635 2134 viae
667 2065 973 2153 significarentur,
1005 2069 1137 2155 quibus
1160 2088 1180 2136 e
1206 2065 1329 2135 media
1354 2068 1458 2152 regni

273 2178 360 2246 sede
382 2177 555 2245 1001111010
581 2197 646 2263 per
672 2178 831 2245 marium
858 2181 893 2245 et
913 2179 1093 2245 montium
1115 2177 1305 2246 obstacula
1326 2175 1376 2245 ad
1396 2197 1458 2246 ex·

272 2291 408 2356 tremos
445 2307 560 2376 usque
597 2287 688 2355 fines
726 2289 889 2355 omnium
925 2289 1083 2375 partium
1113 2290 1296 2375 perveniri
1326 2291 1456 2376 posset.

273 2397 425 2466 Constat
457 2402 578 2466 autem
607 2415 712 2482 reges
743 2396 940 2466 Persarum
971 2401 1006 2464 et
1037 2401 1144 2466 antea
1168 2397 1363 2467 Medorum
1392 2419 1458 2487 per

272 2510 391 2574 totum
412 2526 568 2590 regnum
590 2506 851 2593 exploratores,
874 2508 937 2595 qui
959 2528 1082 2594 regern
1105 2509 1150 2577 de
1174 2511 1341 2578 omnibus
1364 2529 1458 2597 quae

274 2618 410 2704 ubique
433 2617 650 2684 accidissent
672 2618 843 2686 continuo
866 2619 1055 2688 certiorem
1077 2620 1246 2704 facerent,
1271 2624 1459 2707 praeterea

271 2727 427 2814 legatos,
460 2727 523 2814 qui
544 2727 739 2813 vectigalia
759 2729 976 2814 conferrent,
1009 2731 1150 2798 mittere
1174 2730 1299 2798 solitos
1321 2751 1409 2799 esse.
1417 2729 1457 2814 21)

272 2838 437 2906 Dareum
457 2837 688 2918 110001001010
712 2839 832 2908 studio
860 2841 1056 2928 arripuisse
1077 2862 1145 2909 000
1168 2842 1348 2909 1100101110
1371 2861 1457 2910 cau·

272 2969 405 3035 ponem
428 2970 450 3016 a
471 2949 592 3017 Persis
621 2951 843 3038 appellatum
865 2971 944 3020 esse
967 2973 1012 3019 ex
1034 2951 1092 3020 1110
1119 2972 1263 3039 quoque
1286 2953 1458 3037 cognosci

272 3063 398 3144 potest.
442 3058 526 3127 Nisi
557 3059 702 3128 chartas
734 3061 998 3148 geographicas
1026 3066 1109 3130 ante
1132 3063 1296 3130 tabulam
1317 3062 1457 3129 Anaxi-

272 3171 420 3237 mandri
441 3170 609 3237 barbaris
631 3171 706 3237 iam
726 3171 838 3238 fuisse
861 3191 1117 3257 supponemus,
1140 3171 1230 3258 (qua
1250 3170 1295 3238 de
1310 3192 1350 3239 re
1365 3169 1458 3238 nihil

270 3301 319 3346 ex
341 3279 484 3346 silentio
506 3281 825 3346 monumentorum
847 3280 971 3366 colligi
985 3281 1114 3367 potest)
1137 3283 1326 3368 computos
1350 3300 1457 3368 quos·

271 3389 360 3454 dam
375 3389 568 3473 regionum
583 3389 745 3472 existere,
762 3391 893 3476 quibus
907 3390 972 3458 1110
986 3394 1168 3458 terrarum
1184 3395 1219 3460 et
1232 3392 1457 3476 legationum

271 3498 540 3566 administratio
571 3497 798 3567 moderanda
821 3504 932 3584 esset,
959 3520 1106 3570 necesse
1138 3506 1223 3570 erat.
1267 3503 1457 3572 Eiusmodi

271 3609 352 3676 fons
379 3609 569 3677 titulorum
595 3629 720 3678 eorum
747 3611 865 3678 fuerit.
910 3609 1050 3692 Quodsi
1073 3611 1337 3700 discrepantiae
1363 3615 1457 3682 inter

270 3719 437 3805 singulas
459 3720 640 3806 quaedam
662 3721 912 3806 inveniuntur,
944 3723 1132 3791 sciendum
1158 3727 1307 3793 estnon
1330 3745 1455 3792 010000

270 3832 479 3917 provincias
508 3831 547 3898 10
578 3831 651 3898 11110
682 3830 795 3898 11111110
827 3834 1033 3902 0000101011
1064 3834 1128 3902 sed
1153 3838 1335 3904 maximas
1358 3836 1453 3919 eligi,

270 3942 376 4026 regni
398 3944 533 4008 statum
556 3946 677 4008 autem
698 3943 811 4010 variis
832 3945 1057 4031 temporibus
1079 3966 1144 4033 per
1167 3947 1453 4033 expugnationes

268 4054 306 4118 et
327 4051 426 4121 bella
446 4055 640 4136 mutatum,
678 4053 832 4140 denique
863 4055 942 4123 fieri
972 4058 1146 4143 potuisse,
1178 4059 1219 4124 ut
1244 4056 1453 4124 tabularum

268 4166 437 4230 auctores
461 4161 624 4230 consulto
648 4164 830 4250 quaedam
848 4184 914 4232 suo
934 4165 1051 4234 Marte
1074 4166 1179 4235 011101
1197 4169 1453 4254 componerent

268 4275 378 4358 atque
409 4274 448 4339 in
478 4273 575 4340 fonte
608 4293 673 4340 suo
703 4273 882 4360 legebant.
927 4275 1031 4345 Tales
1058 4280 1180 4345 autem
1207 4278 1352 4346 tabulas
1378 4299 1452 4345 000

270 4384 379 4450 10οά0
403 4383 506 4454 Susis
527 4383 649 4467 fuisse,
673 4385 738 4451 sed
759 4387 869 4452 etiam
891 4386 990 4473 apud
1011 4387 1175 4472 singulos
1189 4392 1354 4476 satrapas
1369 4390 1451 4476 quis

270 4496 397 4578 neget?
435 4494 506 4563 Per
536 4494 603 4562 hos
636 4497 757 4562 autem
786 4496 908 4562 neseio
941 4497 1072 4582 quibus
1097 4499 1313 4582 ambagibus
1340 4500 1449 4565 etiam
