3496 5248
788 555 975 617 „23-

302 758 392 804 num
428 737 655 824 aliquatenus
693 737 878 824 exemplar
914 759 959 805 ex
991 735 1122 804 Glauci
1152 736 1310 822 Rhegini
1339 736 1485 819 iudicio,

303 847 436 916 Persas
458 843 494 910 ἐκ
524 848 589 910 τῶν
623 847 807 912 Φοινισσῶν
840 841 1001 930 Φρυνίχου
1028 847 1349 933 παραπεποιῆσθαι,
1377 847 1485 915 colle-

303 960 428 1042 gerim.
442 962 481 1041 ²⁸)
526 958 669 1042 (Aeseh.
701 958 799 1026 Pers.
833 947 950 1040 laod).
997 957 1036 1028 si
1068 958 1276 1043 diligentius
1307 978 1487 1046 quasnam

302 1072 462 1138 maxime
477 1070 622 1139 fabulae
638 1073 758 1157 partes
774 1071 944 1156 spectarit
958 1070 1071 1137 ltalus
1090 1070 1152 1137 1116
1173 1069 1352 1137 litteratus
1366 1069 1486 1149 homo,

304 1188 350 1255 de
371 1184 482 1252 nullis
503 1183 622 1267 magis
638 1181 889 1266 cogitabimus,
913 1200 1024 1267 quam
1047 1181 1092 1248 (16
1108 1181 1239 1268 quibus
1254 1183 1360 1267 poeta
1383 1180 1487 1248 miles

305 1296 481 1385 quamdiu
504 1294 580 1360 suis
603 1292 717 1360 oculis
740 1291 827 1359 belli
849 1310 955 1359 casus
975 1292 1193 1374 intuebatur,
1216 1292 1368 1358 minima
1391 1311 1487 1358 com-

305 1409 423 1496 perire
453 1407 588 1492 posset,
620 1403 720 1470 velut
751 1403 795 1469 (16
828 1403 927 1469 66161
957 1401 1153 1469 Persarum
1184 1403 1409 1489 antiquitate,
1443 1401 1488 1468 do

305 1517 487 1606 prioribus
518 1515 680 1600 regibus,
713 1513 756 1580 de
778 1514 941 1581 moribus
964 1516 1000 1580 61
1020 1511 1206 1594 institutis,
1241 1513 1488 1580 deterrarum

305 1631 378 1697 situ
401 1648 444 1695 66
467 1627 685 1694 nominibus.
723 1624 820 1692 Nam
843 1625 1102 1711 descriptiones
1117 1643 1325 1711 pugnarum
1340 1627 1375 1690 61
1397 1643 1488 1705 6666

307 1740 487 1826 pertinent
518 1737 565 1804 ad
596 1737 804 1804 recentioris
836 1736 1032 1803 memoriae
1061 1719 1348 1821 laudem'ipsius
1375 1733 1490 1801 indoli

304 1869 454 1918 6666666
477 1851 531 1916 661
553 1848 835 1915 contribuamus.
881 1845 1029 1914 Ceterae
1052 1866 1137 1914 vero
1159 1849 1279 1932 partes
1303 1866 1394 1934 6666
1417 1847 1490 1931 sig-

308 1960 552 2042 nificavimus,
585 1960 661 2026 6166
691 1957 793 2025 modi
823 1961 919 2041 6661,
952 1977 1044 2045 6666
1071 1956 1272 2044 Phrynichi
1303 1957 1384 2025 stilo
1416 1977 1489 2024 non

305 2073 519 2157 repugnent.
565 2067 707 2150 Quare
734 2068 933 2135 videndum
956 2071 1022 2152 est,
1050 2069 1147 2135 unde
1169 2069 1323 2154 imagini
1343 2067 1489 2136 fabulae

263 2200 266 2207 ’
305 2182 469 2268 perditae
501 2202 546 2248 ex
578 2181 639 2263 616,
672 2200 765 2266 6666
799 2179 844 2246 (16
875 2183 981 2265 66616
1011 2180 1205 2247 traduntur
1235 2180 1489 2260 minutissima,

307 2293 528 2360 lineamenta
543 2291 725 2377 quaedam
741 2291 944 2358 afferamus.
990 2289 1102 2357 Poeta
1117 2289 1212 2358 bello
1228 2288 1374 2357 Persico
1391 2289 1491 2358 vide-

305 2407 368 2470 tur
390 2423 532 2470 summo
560 2402 691 2469 ardore
718 2403 857 2488 patriae
880 2401 1126 2468 inflammatus
1148 2420 1240 2484 6666,
1268 2402 1329 2483 661
1350 2401 1490 2487 61111166

307 2513 536 2597 tragoediam
567 2533 590 2578 a
620 2514 811 2580 remotiore
843 2514 1048 2599 priscarum
1082 2511 1291 2580 fabularum
1322 2531 1411 2598 agro
1443 2512 1492 2579 ad

307 2643 457 2690 suorum
478 2625 683 2708 temporum
713 2623 804 2690 fines
831 2625 1023 2691 revocavit.
1067 2622 1306 2691 Themistocle
1335 2623 1490 2690 familia-

306 2735 395 2800 riter
416 2734 585 2800 utebatur
608 2732 713 2814 (Plut.
737 2733 858 2801 Them.
883 2733 932 2816 5),
966 2753 1050 2800 oum
1075 2733 1136 2802 ille
1164 2753 1221 2801 res
1249 2753 1334 2801 suas
1357 2733 1490 2801 abillo

307 2845 431 2912 ornari
444 2843 663 2930 perlibenter
682 2847 873 2930 pateretur.
912 2845 1028 2911 Mileti
1044 2845 1144 2912 dedit
1165 2845 1362 2926 excidium3
1387 2846 1490 2912 cuius

306 2955 392 3022 facti
408 2956 440 3022 si
454 2955 657 3040 cogitamus
673 2975 757 3022 eum
770 2976 844 3023 nou
860 2957 981 3023 minus
997 2960 1165 3023 66661616
1188 2955 1350 3041 singulas
1367 2959 1490 3041 partes

306 3067 544 3149 enarravisse,
568 3086 679 3152 666111
694 3068 731 3132 16
747 3065 956 3134 Phoenissis
972 3067 1109 3134 bellum
1123 3066 1368 3148 Persaeus),
1394 3086 1490 3132 corn-

306 3180 436 3262 parata
457 3175 578 3242 Persis
601 3174 820 3260 Aeschylos,
853 3175 1029 3245 habemus
1062 3197 1126 3243 cur
1153 3196 1237 3242 eum
1263 3175 1490 3243 Milesiorum

305 3289 415 3370 61666
436 3285 573 3351 166616
599 3284 810 3352 traditiones
837 3305 911 3352 non
937 3286 1064 3371 primis
1091 3286 1204 3353 labris
1232 3289 1397 3372 gustasse
1425 3287 1490 3354 sed

305 3415 327 3460 e
341 3394 499 3479 largiore
515 3393 675 3481 quodam
690 3394 787 3462 fonte
802 3394 967 3462 hausisse
983 3387 1226 3464 conficiamus.
1259 3395 1359 3476 Quae
1373 3395 1489 3464 Hero·

307 3504 415 3572 dotus
438 3505 482 3572 de
506 3505 772 3592 expugnatione
794 3505 910 3574 Mileti
932 3506 1036 3574 affert
1058 3506 1126 3583 (VI
1148 3511 1190 3574 '20
1212 3508 1277 3596 sq.)
1309 3509 1490 3594 tragicum

306 3616 490 3702 quendam
501 3617 669 3702 spiritum
680 3620 811 3683 sonant
824 3638 891 3685 666
906 3618 1063 3686 absurde
1074 3618 1204 3686 6661161
1212 3621 1298 3705 6616
1308 3618 1421 3686 166166
1435 3619 1488 3686 fa-

308 3726 426 3808 bulae,
458 3727 561 3794 cuius
590 3729 810 3795 montionem
832 3728 943 3796 faciat
965 3727 1035 3810 (VI
1058 3729 1112 3811 21)
1135 3731 1348 3798 memoriam
1371 3750 1486 3816 quan·

305 3835 393 3903 dam
416 3838 600 3924 scriptoris
622 3839 743 3905 animo
764 3839 996 3906 obversatam
1010 3859 1097 3906 esse.
1137 3839 1241 3908 Certe
1265 3841 1393 3908 eodem
1416 3861 1488 3928 quo

305 3946 537 4034 Phrynichus
560 3969 644 4016 eum
666 3949 763 4016 fonte
785 3969 894 4016 usum
916 3970 994 4018 6666
1018 3972 1092 4019 666
1117 3955 1250 4019 1616616
1276 3950 1488 4019 1611116616-

193 4122 196 4130 ,
303 4058 447 4144 6661116.
486 4057 638 4126 Nullum
654 4063 775 4127 autem
793 4060 939 4128 11161661
949 4059 1145 4129 ‘hominum
1161 4063 1278 4129 civem
1295 4063 1388 4130 iuter
1402 4081 1487 4130 6666

302 4168 387 4254 6166
413 4169 572 4236 valuisse
603 4190 714 4256 quam
740 4170 965 4240 Hecataeum
991 4171 1222 4256 Hagesandri
1252 4172 1369 4240 filium
1400 4174 1487 4240 satis

302 4299 350 4346 ex
372 4280 424 4346 eis
453 4280 627 4346 discimus
654 4300 747 4367 quae
776 4282 933 4367 legimus
961 4283 1059 4368 apud
1080 4281 1323 4367 Herodotum,
1355 4284 1485 4369 quide

301 4389 440 4456 donum
467 4390 641 4458 seditione
669 4410 781 4476 agens
802 4392 900 4459 illins
923 4393 1131 4477 sententias,
1160 4395 1227 4460 etsi
1248 4392 1340 4460 nihil
1362 4394 1487 4462 effece-

302 4503 399 4584 rant,
428 4499 620 4585 diligenter
647 4502 793 4586 exponit
820 4499 891 4584 (III
920 4505 1018 4570 3661
1043 4504 1177 4585 125).³⁰)
1227 4501 1347 4582 Quare
1370 4503 1486 4592 Phry-
