3496 5248
729 476 918 539 ,8-

231 658 424 727 Heoataeo.
477 658 613 728 Tamen
647 659 718 728 hac
754 680 794 727 re
830 659 924 727 nihil
959 659 1115 728 efficitur
1148 665 1275 728 contra
1311 661 1414 729 illam

233 769 449 856 opinionem,
476 789 563 837 nam
584 770 829 856 Anaxagorae
850 770 953 854 liber,
977 771 1016 838 in
1039 791 1110 858 quo
1134 771 1179 838 de
1200 770 1287 839 Nilo
1310 773 1416 840 locus

231 880 292 948 ille
313 879 504 966 legebatur
525 883 607 967 post
629 879 786 965 01.78,1
811 879 922 966 (46812
947 902 978 949 a.
995 880 1079 949 Chr.
1100 883 1149 963 11.)
1172 883 1290 950 editus
1313 883 1415 951 vide·

231 994 291 1058 tur
327 1010 415 1075 esse,
453 990 557 1074 (Mar.
581 989 661 1059 Par.
694 989 876 1075 01.78‚1.
920 990 1013 1059 Ptin.
1037 1013 1071 1058 n.
1095 991 1129 1059 h.
1160 993 1198 1060 H
1230 994 1305 1075 149)
1344 1014 1417 1075 quo

231 1105 393 1188 tempore
407 1102 549 1188 priscus
563 1101 697 1168 Milesii
719 1101 812 1169 liber
827 1101 968 1169 dudum
989 1102 1124 1170 talibus
1140 1102 1186 1170 de
1207 1104 1317 1172 rebus
1338 1104 1415 1171 iam

232 1231 305 1280 non
337 1212 607 1295 consulebatur3
643 1215 831 1300 praeterea
861 1215 968 1300 poeta
1000 1213 1045 1280 de
1076 1213 1182 1281 161116
1209 1216 1243 1282 61
1272 1214 1415 1297 ineolis,

232 1342 346 1404 neque
368 1343 455 1391 vero
478 1323 523 1392 de
554 1323 809 1391 remotioribus
837 1323 1016 1393 eiusmodi
1037 1325 1157 1408 rebus,
1181 1325 1310 1406 quibus
1331 1345 1415 1412 per·

233 1433 427 1520 spiciendis
463 1433 671 1521 philosophi
701 1453 849 1521 operam
881 1434 1019 1519 darent,
1050 1434 1276 1503 Hecataeum
1306 1455 1414 1503 suum

233 1543 367 1613 adibat.
411 1542 539 1633 Neque
570 1548 667 1612 16616
697 1544 889 1630 iudicetur,
928 1545 1026 1633 quod
1056 1546 1094 1612 in
1125 1566 1201 1612 una
1230 1567 1270 1614 re
1302 1548 1348 1615 ab
1371 1566 1416 1614 eo

234 1655 449 1739 dissentiret,
486 1676 558 1737 qua
587 1656 736 1742 plurimi
766 1659 854 1724 tunc
890 1656 1058 1724 homines
1096 1656 1337 1741 dissentirent,
1376 1661 1416 1724 ut

232 1765 440 1834 Herodotus
463 1766 513 1847 (ΙΙ
536 1768 589 1849 22)
615 1770 777 1851 testatur,
800 1767 880 1835 fieri
909 1771 1056 1855 propter
1077 1767 1117 1834 id
1147 1788 1221 1834 non
1242 1770 1416 1855 potuisse,

232 1881 273 1944 ut
302 1877 491 1965 permultis
528 1881 651 1945 tamen
688 1877 770 1946 aliis
799 1877 909 1946 rebus'
932 1878 1010 1946 eius
1047 1879 1201 1962 vestigia
1222 1883 1415 1965 premeret.

318 1987 403 2057 Non
425 1989 574 2056 maioris
595 1990 770 2056 momenti
792 1991 846 2057 661
867 1989 964 2070 quod
984 1987 1189 2074 Aeschylus
1204 1988 1415 2058 Promethe-

234 2100 410 2183 11111844)
447 2102 482 2167 61
511 2099 634 2167 Danai
668 2099 764 2166 filias
787 2098 928 2186 (Suppl.
952 2100 1027 2181 299)
1060 2099 1104 2167 de
1137 2098 1286 2168 Canobo
1322 2101 1416 2168 urbe

234 2211 420 2292 loquentes
442 2210 538 2293 facit,
561 2230 646 2277 cum
667 2209 874 2278 Hecataeus
897 2230 979 2276 eam
1001 2229 1024 2276 a
1044 2209 1202 2278 Menelai
1231 2211 1414 2294 guberna-

233 2327 311 2390 tore
348 2321 574 2387 nominatam
604 2339 682 2388 esse
712 2319 890 2401 tradat.¹¹)
939 2319 1065 2402 Neque
1101 2339 1187 2386 vero
1223 2321 1416 2406 ignoratur

233 2432 469 2520 posteriorem
496 2430 625 2497 Danao
651 2430 859 2499 Menelaum
885 2431 1005 2499 tuisse.
1050 2430 1224 2498 Aetatum
1246 2429 1415 2500 differen-

235 2542 304 2610 tias
325 2541 397 2625 ille,
419 2543 461 2608 ut
481 2543 597 2628 poeta,
619 2560 694 2608 non
715 2541 823 2610 valde
847 2542 1009 2609 curabat.
1019 2543 1057 2620 1²)

317 2651 523 2720 Hecataeus
547 2651 601 2733 (fr.
626 2651 702 2735 350)
723 2650 998 2737 Themiscyram
1019 2651 1208 2738 planitiem
1230 2639 1300 2715 ἀπὸ
1321 2652 1417 2730 χοδι-

233 2758 307 2848 σίης
328 2759 421 2845 μέχρι
447 2755 678 2845 Θερμώδοντος
699 2763 879 2849 pertinere
907 2762 1002 2828 dicit.
1049 2760 1161 2828 Cuius
1183 2761 1255 2828 1661
1277 2780 1416 2828 memo·

232 2876 289 2943 ria
318 2873 503 2960 Aeschylo
535 2874 728 2941 obversata
761 2872 905 2940 videtur
936 2891 1023 2954 esee,
1056 2892 1140 2939 oum
1171 2871 1415 2954 Amazonum,

235 2986 338 3055 sedes
360 2986 449 3072 ipsis
471 2985 543 3053 illis
565 2984 776 3069 regionibus
798 3003 872 3051 non
895 3001 983 3066 6666,
1007 2982 1071 3050 sed
1086 2982 1228 3049 futuras
1250 3001 1329 3050 esse
1352 3002 1416 3048 ex·

234 3099 385 3186 poneret
416 3095 751 3183 (Ρ16111.721611.).
797 3091 877 3174 Quo
908 3093 990 3161 1666
1023 3113 1107 3160 eum
1137 3096 1302 3179 tempora
1338 3095 1414 3158 tam

235 3209 427 3294 diligenter
458 3207 667 3292 distinguat,
700 3205 796 3288 quod
827 3204 876 3272 ad
905 3223 1081 3292 personas
1119 3222 1204 3270 suas
1240 3203 1293 3271 ibi
1322 3201 1416 3269 nihil

235 3319 382 3386 omnino
415 3318 576 3403 pertinet,
608 3316 794 3403 scriptoris
826 3314 1018 3382 cuiusdam
1053 3315 1165 3382 fidem
1201 3334 1285 3381 eum
1315 3314 1418 3394 sequi

235 3428 402 3515 suspicio.
447 3427 503 3494 De
540 3427 775 3512 genealogiae
807 3426 964 3507 quodam
1002 3429 1149 3493 auctore
1185 3424 1417 3512 potissimum

236 3537 473 3623 cogitandum
495 3541 556 3606 661.
600 3537 723 3605 Totius
754 3540 877 3604 autem
906 3536 1005 3603 illius
1037 3536 1278 3603 enarrationis
1302 3538 1417 3616 tenor,

235 3668 306 3732 qua
319 3646 558 3716 Prometheus
572 3649 597 3715 J
598 3649 659 3716 oni
680 3648 781 3715 viam
802 3646 1084 3735 perpetrandam
1099 3645 1280 3728 describit,
1295 3646 1418 3729 magis

236 3760 450 3829 historicum
472 3777 584 3845 quam
606 3758 749 3845 epicum
771 3758 907 3826 fontem
928 3757 1062 3844 resipit.
1099 3755 1295 3823 Praeterea
1315 3756 1355 3824 in
1373 3775 1420 3822 ea

237 3871 477 3958 descriptione
499 3889 533 3935 1.
557 3873 620 3934 724
641 3864 763 3931 πόποο
786 3861 1021 3952 Σαλμυδησσία
1052 3859 1175 3951 γνάθος
1197 3885 1419 3934 commemo·

236 3985 349 4067 ratur,
372 4001 464 4069 quae
482 3999 555 4047 vox
577 3973 699 4047 versui
721 3976 931 4045 hexametro
953 3998 1027 4046 non
1049 3977 1161 4045 inseri
1181 3979 1308 4063 potest,
1332 3995 1417 4045 cum

237 4093 360 4164 brevis
386 4114 406 4154 v
435 4092 529 4160 inter
560 4090 652 4158 duas
682 4087 812 4173 longas
844 4087 1004 4173 syllabas
1035 4087 1153 4175 posita
1183 4087 1238 4155 611.
1248 4088 1286 4169 ¹³)
1330 4085 1416 4154 Non

239 4204 365 4274 dubito
386 4203 508 4288 igitur,
537 4201 622 4284 quin
649 4200 687 4268 in
710 4197 780 4268 hac
812 4218 951 4282 quoque
979 4199 1189 4266 narratione
1210 4196 1418 4283 Aeschylus

238 4335 262 4381 a
281 4311 509 4401 logographo
540 4311 698 4400 pendeat
727 4330 834 4394 quem
864 4309 910 4378 de
941 4309 1069 4378 eadem
1090 4330 1131 4378 re
1153 4309 1267 4377 verba
1287 4305 1414 4374 fecisse

238 4424 397 4508 6111666,
421 4424 466 4492 de
488 4443 557 4504 quo
581 4421 855 4509 supradictum,
878 4420 1053 4488 videmus.
1093 4417 1193 4500 Quae
1207 4415 1418 4485 Herodotus
